3204 5174
743 421 926 512 ..140-

296 631 375 712 irae,
404 629 552 712 doloriS,
574 629 705 700 amoris
727 656 734 701 :
756 638 793 701 at
811 654 989 725 nunqnam
1014 629 1272 722 aegritudinem,
1294 653 1373 722 quae

297 767 434 838 radices
443 767 516 859 egit
524 775 558 837 et
566 766 772 860 fixitpedem
780 769 830 863 (¹),
842 769 938 839 Idem
945 768 1001 839 hic
1010 774 1080 839 est:
1095 767 1373 860 elperegrinatio

297 907 451 977 fortasse
472 906 569 977 leves
582 905 753 1000 quosdam
769 906 960 999 languores
978 905 1130 987 sanabit,
1152 928 1221 975 non
1235 904 1375 975 sanabit

297 1067 414 1116 veroa.
441 1044 591 1116 Haerent
611 1044 714 1132 ‚enim
732 1044 841 1139 primi
862 1044 914 1115 illi
937 1052 1065 1125 motus,
1086 1044 1154 1114 orti
1173 1067 1195 1114 a
1212 1064 1371 1135 corpore,

299 1183 556 1277 quodammodo
578 1181 693 1254 adhuc
718 1183 755 1253 in
785 1206 945 1276 corpore,
967 1191 1029 1253 aut
1051 1189 1144 1252 certe
1162 1181 1198 1250 in
1221 1203 1372 1258 summa,

300 1328 339 1392 ut
357 1321 408 1392 sic
432 1321 559 1404 dicam,
589 1321 786 1400 animorum
818 1327 929 1391 cute:
960 1307 1107 1412 ideoque
1134 1341 1203 1389 non
1233 1319 1373 1398 mirum,

302 1458 331 1534 si
362 1457 522 1550 quamvis
535 1456 605 1536 levi
619 1457 770 1551 spongia
787 1457 1072 1549 abstergeantur,
1089 1477 1160 1525 non
1177 1456 1228 1525 ita
1245 1454 1377 1525 invete-

301 1597 371 1668 rati
394 1597 447 1668 illi
467 1596 627 1680 affectus,
649 1596 775 1691 quibus
806 1597 920 1678 sedes,
939 1596 1021 1670 ‚imo
1047 1617 1213 1688 regnum,
1239 1596 1276 1665 in
1300 1596 1379 1688 ipsa

303 1736 411 1807 animi
429 1743 558 1809 mente.
579 1735 666 1807 Cum
692 1734 753 1806 diu
770 1734 985 1828 multumque
1002 1734 1191 1816 erraveris,
1209 1756 1288 1804 cum
1308 1742 1378 1804 ter·

303 1894 382 1945 ram
397 1895 536 1944 omnem
550 1879 585 1944 et
599 1894 696 1944 mare
714 1872 905 1944 circulatus
930 1872 1040 1943 lucris
1061 1897 1069 1943 :
1091 1872 1188 1942 nullo
1206 1893 1267 1942 eos
1291 1872 1379 1941 mari

304 2011 414 2095 eluas,
438 2012 568 2083 obruas
594 2011 694 2083 nulla
713 2017 823 2083 terra.
852 2012 1049 2105 Sequuntur
1062 2017 1096 2082 te
1118 2016 1177 2081 :et
1190 2010 1379 2103 postpedi·

304 2160 374 2222 tem
389 2156 607 2238 equitemque
618 2154 762 2231 sedebit,
774 2159 810 2221 ut
818 2173 897 2234 oum
910 2156 1015 2243 poeta
1027 2149 1164 2255 loquar,
1181 2160 1263 2219 atre
1276 2173 1376 2227 curu.

358 2930 521 3001 Socrates
537 2930 773 3023 interroganti
792 2929 943 3012 cuidam,
965 2935 1051 3018 quid
1072 2935 1122 2999 ita
1141 2921 1384 3018 pereqeinou'o
1424 2965 1429 2996 ι

307 3069 377 3136 sibi
393 3090 462 3137 non
478 3071 698 3154 profuisset?
715 3066 801 3136 scite
820 3067 1013 3159 respondit,
1034 3071 1113 3136 Non
1130 3071 1224 3135 enim
1242 3075 1275 3135 te
1291 3071 1385 3139 dese-

308 3208 426 3274 ruisti.
451 3203 573 3275 Simile
590 3204 647 3282 hic
665 3203 812 3274 dixerim
837 3228 844 3272 :
871 3211 906 3275 et
928 3226 1133 3298 quocunque
1158 3204 1286 3297 fugies¹
1307 3229 1384 3277 cor—

308 3346 451 3433 ruptum
469 3346 780 3434 corruptoremque
794 3341 948 3424 animum
966 3349 1081 3423 tecum
1096 3342 1256 3425 habebis
1278 3344 1385 3418 comi·

308 3485 381 3549 tem
397 3500 469 3549 non
485 3478 628 3551 bonum.
650 3478 766 3574 Atque
785 3480 920 3551 utinam
934 3481 1117 3552 comitem!
1135 3481 1197 3551 sed
1209 3505 1334 3554 vereor
1346 3490 1386 3554 ut

309 3617 432 3688 ducem
457 3642 465 3688 t
492 3617 574 3712 quia
596 3641 666 3689 non
685 3625 874 3712 sequentur
898 3627 933 3691 te
960 3620 1118 3691 adiectus
1142 3620 1207 3701 tui,
1228 3620 1290 3697 sed
1312 3628 1384 3695 tra-

309 3753 406 3825 hent.

342 3993 373 4063 (¹)
391 3995 454 4046 Ceci
467 3994 518 4045 fait
528 3995 648 4047 allusion
661 4000 677 4046 a
689 3996 715 4047 la
728 3996 889 4048 distinction
903 4011 956 4060 que
968 3998 1098 4048 saisaient
1107 3996 1147 4046 les
1156 3994 1295 4047 Stoiciens
1307 3998 1385 4046 entre

309 4084 350 4134 les
363 4083 506 4135 differente
519 4087 710 4137 mouvements
722 4086 757 4136 de
768 4086 847 4137 l'tme
858 4088 907 4150 qui
919 4089 983 4138 sont
995 4087 1148 4138 contraires
1160 4089 1177 4135 a
1189 4086 1215 4135 la
1223 4085 1339 4146 Raison,
1350 4100 1384 4136 ou

309 4189 343 4224 en
356 4175 457 4226 dehors
467 4175 553 4226 d‘elle.
564 4175 602 4227 Ils
615 4176 655 4227 les
667 4177 815 4228 divisaient
826 4191 860 4228 en
870 4178 941 4228 deux
951 4177 1056 4229 classes
1069 4194 1076 4230 :
1090 4177 1126 4228 ils
1135 4175 1293 4242 appeleient
1301 4177 1385 4236 effec-
