3262 5190
765 491 886 555 -ato
911 525 947 537 -

318 669 465 763 spirata
484 670 604 763 puppi,
630 693 698 740 non
712 672 835 763 procul
853 670 938 741 mihi
958 670 1079 741 videar
1097 674 1119 740 b
1136 680 1252 763 portu.
1273 670 1396 741 Audeo

318 809 411 880 enim
423 810 498 902 jam
519 810 620 880 deum
649 810 760 904 sequi,
783 810 895 881 audeo
920 810 1123 881 necessitati
1150 810 1294 904 obsequi
1324 837 1331 881 :
1362 821 1398 882 et

316 946 438 1019 videor
452 972 530 1020 cum
549 949 718 1043 Euripide
736 973 841 1042 posse
855 949 984 1020 dicere.

561 1120 629 1177 Θύοι
643 1118 670 1194 μ’
685 1119 715 1175 ἂν
731 1119 803 1194 αὐτῷ
820 1118 931 1194 μᾶλλον,
946 1119 1123 1194 ἢθυμούμενω

557 1239 631 1318 Πρός
646 1240 676 1296 κέ
689 1261 753 1318 ντρα
768 1239 929 1314 λακτίζοιμι,
942 1242 1035 1308 θνητὸς
1049 1238 1087 1295 ὢν
1099 1244 1163 1316 θεῷ.

366 1437 490 1507 AEstus
508 1442 626 1506 tamen
645 1458 735 1506 unus
754 1443 809 1506 est
826 1415 978 1509 turbidae
998 1433 1242 1527 cogitationis
1263 1434 1322 1528 qui
1340 1458 1395 1504 me

311 1577 442 1669 jactat:
456 1599 572 1670 quem,
585 1575 714 1667 Langi,
730 1575 828 1646 siste.
847 1574 885 1646 Si
897 1573 1271 1666 enimMalapublicad
1282 1574 1390 1644 Fato:

316 1738 380 1786 nec
397 1715 488 1785 vinci
503 1714 538 1785 id
556 1720 672 1806 potest
690 1720 751 1784 aut
766 1713 872 1784 vitari
891 1737 898 1781 :
919 1713 1002 1807 quid
1022 1713 1116 1784 ultra
1135 1713 1178 1783 de
1196 1713 1314 1806 patria
1334 1722 1395 1782 aut

314 1876 379 1946 pro
397 1875 439 1923 eo
456 1852 683 1923 laboramust
701 1875 764 1923 cur
778 1875 849 1922 non
862 1852 982 1923 omnia
996 1853 1125 1923 rectori
1143 1852 1194 1922 illi
1212 1875 1341 1945 magno
1360 1862 1395 1922 et

314 1991 486 2063 indomito
508 1991 757 2084 permittimus,
779 1998 814 2062 ot
837 1992 1001 2063 cedemus
1028 1992 1108 2085 ipsi,
1134 1994 1227 2084 quod
1250 1991 1390 2073 dicitur,

315 2128 477 2201 manibus
491 2129 725 2223 compressist
740 2153 822 2200 nam
836 2137 896 2201 tuo
910 2154 1047 2225 quoque
1066 2153 1247 2211 concessu,
1265 2131 1392 2201 va'num

314 2271 484 2342 auxilium
499 2294 601 2342 omne
615 2281 650 2342 et
668 2270 867 2377 consilium,
889 2271 1160 2343 adversantibus
1179 2270 1293 2342 Fatis.

364 2411 522 2502 Langius
541 2410 718 2490 renidens,
742 2411 813 2481 Per
825 2378 1081 2482 contumaciam
1098 2418 1160 2481 aut
1179 2409 1393 2503 proterviam

316 2547 534 2628 adolescens
551 2547 677 2640 inquit,
700 2551 721 2618 a
740 2555 836 2619 recto
854 2548 931 2619 abis
945 2555 980 2620 et
996 2553 1017 2618 a
1031 2572 1128 2621 vero.
1147 2548 1246 2619 Fatis
1260 2548 1326 2619 hoc
1340 2554 1393 2619 est

315 2687 473 2781 obsequi,
496 2711 541 2759 an
567 2689 741 2781 oppedere
759 2695 794 2758 et
813 2688 981 2760 illuderet
1005 2688 1155 2769 Sedebo,
1172 2687 1301 2781 inquis,
1319 2711 1392 2758 ma·

314 2825 417 2897 nibus
435 2826 658 2918 compressis.
681 2827 779 2897 Bene
792 2826 911 2898 habet.
929 2826 1053 2897 veliem
1073 2849 1162 2896 nunc
1174 2826 1292 2897 labiis.
1306 2826 1393 2904 Quis

314 2965 407 3036 enim
423 2989 574 3059 unquam
589 2966 653 3037 tibi
667 2966 768 3047 dixit,
786 2967 914 3037 Fatum
929 2989 1063 3037 merum
1072 2965 1254 3059 solumque
1268 2988 1389 3058 agere,

276 3088 279 3093 ’
314 3103 390 3174 sine
415 3104 531 3174 media
554 3113 589 3174 et
614 3104 807 3175 auxiliante
830 3106 979 3175 caussat
1005 3105 1154 3175 Liberos
1179 3104 1243 3176 tibi
1268 3105 1392 3176 tollere

314 3241 424 3311 fatum
447 3248 500 3311 est
524 3265 530 3309 :
553 3241 615 3312 sed
637 3242 690 3313 ita
708 3243 796 3312 utin
815 3242 936 3313 uxoris
954 3248 1026 3313 ture
1044 3243 1147 3314 horto
1165 3244 1264 3336 prius
1281 3244 1388 3315 feras.

313 3380 345 3451 A
363 3380 484 3450 morbo
504 3404 689 3453 sanescere
718 3405 724 3449 :
751 3382 813 3452 sed
834 3381 1018 3462 hactenus,
1040 3389 1078 3453 ut
1101 3383 1273 3454 medicum
1292 3383 1392 3453 adhi-

314 3518 399 3590 beas
426 3527 461 3590 et
485 3520 653 3593 fomenta.
689 3521 810 3593 Simile
847 3522 916 3594 hic.
950 3529 985 3592 et
1016 3523 1152 3593 servari
1182 3522 1273 3593 hanc
1307 3522 1392 3593 fluc-

313 3665 470 3730 tuantem
486 3667 520 3730 et
534 3670 752 3754 mergentem
766 3661 892 3754 patria
906 3670 978 3732 tuae
989 3684 1113 3732 navem
1130 3661 1159 3730 si
1174 3661 1304 3730 Fatum
1319 3668 1388 3741 est;

314 3796 380 3868 hoc
398 3822 535 3891 quoque
553 3801 695 3882 Fatum,
726 3801 942 3893 propugnari
961 3823 1038 3870 eam
1057 3809 1091 3871 ct
1116 3800 1267 3871 defendi.
1290 3799 1327 3870 si
1346 3799 1392 3874 ad

313 3942 453 4027 portum
467 3938 611 4029 pervehi
625 3938 691 4020 vis,
710 3962 850 4009 manum
865 3940 971 4010 remis
990 3941 1179 4010 admoveas
1193 3946 1344 4032 oportet,
1356 3946 1391 4009 et

313 4055 393 4144 vela
407 4076 587 4167 expandas
606 4100 613 4144 ε
634 4100 705 4147 non
724 4077 859 4148 otiosus
878 4085 998 4171 captes
1016 4088 1051 4149 et
1069 4085 1232 4172 expectes
1255 4078 1299 4148 ab
1318 4076 1390 4146 alto

314 4219 469 4284 ventum.
491 4215 683 4297 utcontra,
702 4215 731 4286 si
747 4216 874 4286 Fatum
889 4216 985 4286 illam
1001 4217 1114 4309 ipsam
1127 4216 1279 4309 patriam
1294 4223 1390 4286 tuam
