3262 5190
751 827 857 901 CAP.
887 829 973 900 XX.

319 1065 512 1128 Dictinctum
533 1067 562 1126 ct
586 1061 743 1125 divulsum
773 1061 808 1124 id
832 1061 851 1124 ct
879 1061 983 1126 Stctco
1000 1063 1073 1142 suto
1096 1067 1229 1143 quatuor
1248 1063 1401 1126 terminis.

362 1185 525 1250 ostensum
545 1186 732 1263 accuratius,
750 1184 894 1265 quomodo
923 1187 986 1248 edm
1007 1204 1068 1249 con
1094 1187 1216 1266 inferat
1235 1188 1400 1254 reluctati.

359 1309 491 1386 itemque
505 1309 605 1371 Deum
616 1325 667 1372 acc
686 1309 811 1387 συνεργὸν
826 1308 904 1372 mati
916 1327 968 1374 acc
979 1313 1133 1373 auctorem
1144 1327 1204 1372 esec
1216 1306 1266 1392 (¹).

370 1547 480 1620 Satin’
504 1547 583 1620 haec
605 1548 720 1643 capis,
741 1548 968 1621 adolescens?
994 1572 1041 1620 an
1067 1548 1198 1621 clarior
1219 1548 1326 1621 etiam
1343 1549 1403 1620 fax

319 1686 383 1758 tibi
401 1687 650 1760 accendenda?

368 1917 446 2010 Ego
485 1927 591 2014 caput
633 1919 852 2003 concutiens,
898 1918 1039 1992 Clarior
1081 1920 1209 2013 Langi,
1255 1919 1399 2002 clarior,

319 2056 461 2151 inquam
496 2082 503 2127 :
537 2066 599 2131 aut
634 2067 808 2131 aeternum
834 2057 1004 2154 relinquis
1034 2084 1091 2131 me
1120 2060 1156 2130 in
1188 2059 1255 2131 hac
1284 2068 1398 2132 nocte.

319 2195 422 2274 Quod
456 2198 550 2270 enim
584 2197 679 2271 istud
710 2198 952 2270 discriminum
982 2198 1111 2271 subtile
1148 2199 1310 2270 stamen?
1342 2199 1401 2293 qui

319 2338 554 2429 quaestionnm
567 2338 717 2434 captiosi
734 2338 852 2433 laquei
870 2339 975 2411 suntt
990 2337 1151 2420 insidias,
1173 2337 1260 2408 mihi
1281 2337 1397 2417 ccede,

319 2477 518 2548 metuebam
539 2502 546 2548 :
564 2484 601 2549 et
618 2485 691 2550 tam
708 2500 866 2572 expensa
880 2485 916 2551 et
933 2501 1108 2573 suspensa
1124 2485 1187 2550 tua
1199 2477 1310 2549 verba
1322 2499 1400 2548 sus-

318 2612 505 2707 piciebam,
526 2621 566 2689 ut
582 2616 743 2712 singulos
757 2616 894 2690 hostes.

368 2757 527 2851 Langius
541 2757 751 2831 subridens?
770 2757 817 2830 At
835 2764 873 2829 tu
890 2756 1043 2839 contide,
1065 2755 1191 2851 inquit.
1213 2754 1330 2826 nullus
1344 2753 1402 2825 hic

318 2893 474 2968 Annibal
490 2905 544 2968 est
573 2923 580 2968 :
611 2897 701 2969 etin
719 2896 938 2991 praesidium,
956 2919 1026 2967 non
1045 2895 1193 2967 insidias
1211 2893 1396 2966 devenisti.

319 3035 420 3106 Dabo
439 3035 551 3107 lucem
570 3058 576 3103 :
594 3035 681 3106 illud
695 3035 799 3108 modo
813 3036 936 3118 effare,
961 3035 1020 3106 ubi
1035 3042 1070 3106 et
1088 3035 1124 3104 in
1139 3013 1208 3128 qua
1222 3040 1323 3127 parte
1333 3055 1401 3104 cee-

318 3171 429 3242 cutist

369 3311 410 3379 In
429 3333 483 3392 ea,
502 3310 629 3404 Langi,
646 3310 802 3405 inquam,
824 3335 904 3407 quae
923 3311 966 3384 de
983 3311 1018 3384 vi
1041 3289 1095 3384 est
1113 3320 1148 3384 et
1171 3310 1397 3383 necessitate.

319 3452 401 3522 Non
420 3451 514 3531 enim
532 3452 633 3547 capio
647 3477 807 3547 prorsus.
826 3453 1001 3548 quomodo
1015 3452 1144 3524 Fatum
1162 3451 1229 3523 boc
1243 3458 1341 3524 tuum
1356 3451 1400 3522 ab

319 3591 381 3663 illo
395 3592 596 3664 Stoicorum
607 3591 794 3687 disjungis.
806 3594 899 3688 quod
909 3617 988 3665 curn
997 3592 1115 3663 verbis
1129 3598 1164 3662 et
1171 3592 1296 3684 janua,
1308 3590 1400 3684 quod

318 3730 459 3815 dicitur,
477 3732 565 3803 bene
579 3730 759 3804 exclusisti
772 3758 780 3817 ;
798 3756 836 3804 re
851 3740 887 3803 et
899 3731 1034 3826 postico
1049 3729 1181 3801 videris
1196 3728 1396 3800 admittere.

352 3998 383 4059 (¹)
400 3996 434 4046 de
447 3997 570 4045 sonmets
583 3998 644 4047 tout
656 3995 680 4047 le
693 3999 813 4047 contenu
826 3997 859 4048 de
871 4011 903 4048 ce
915 3997 1041 4061 chapitne
1054 4010 1107 4046 aux
1119 3996 1245 4045 hommes
1255 3995 1397 4059 prudents.

319 4088 348 4138 Si
363 4087 416 4137 l'on
429 4101 472 4136 ine
485 4087 593 4137 mentre
606 4100 658 4149 que
667 4088 696 4150 je
707 4100 751 4137 me
763 4086 823 4136 suis
836 4088 953 4151 trompd,
962 4089 992 4151 je
1005 4085 1064 4136 sciis
1076 4087 1137 4135 tout
1146 4086 1232 4149 pieta
1245 4098 1289 4134 me
1299 4085 1400 4134 retrac-

319 4180 370 4228 ter.
385 4177 427 4228 On
442 4192 544 4242 pourra
556 4192 599 4228 me
612 4178 778 4229 convaincre
791 4177 924 4241 derbeus,
938 4193 992 4228 non
1005 4178 1038 4227 de
1051 4176 1191 4228 mauvaise
1211 4176 1247 4226 soi
1267 4176 1294 4225 ni
1308 4175 1397 4225 d'cbs-

319 4261 448 4312 tination.
