3262 5190
744 483 928 546 -ru-

246 651 249 658 ’
299 660 335 730 in
360 660 472 732 tibris.
495 661 597 738 Quod
623 661 666 732 de
689 662 778 733 Polo
798 662 969 733 histrione
987 662 1095 732 nobili
1120 661 1287 732 traditum
1305 670 1371 743 est,

299 825 375 871 cum
394 800 543 872 Athenis
562 800 719 871 fabulam
736 801 900 872 actitaret
919 802 955 871 in
974 823 1043 894 qua
1061 801 1162 872 dolor
1180 823 1374 894 repraesen-

298 940 440 1021 tandus‚
461 963 540 1011 eum
559 939 621 1010 filii
637 941 690 1011 sui
711 941 863 1012 defuncti
878 964 961 1012 ossa
979 948 1014 1012 et
1032 964 1156 1011 urnam
1174 942 1265 1011 clam
1283 942 1375 1011 intu-

298 1080 395 1161 lisse,
423 1087 458 1150 et
483 1079 661 1150 theatrum
684 1088 795 1151 totum
823 1104 907 1151 vero
932 1080 1065 1173 gemitu
1090 1080 1255 1172 luctuque
1285 1103 1376 1150 com·

297 1217 412 1311 plesse
430 1244 436 1288 :
459 1219 551 1288 idem
568 1218 626 1288 hic
640 1218 788 1289 dixerim
804 1219 847 1290 de
865 1219 1040 1313 plerisque
1054 1227 1223 1291 vestrum.
1242 1219 1376 1290 Comoe-

298 1360 438 1441 diamd
458 1359 552 1441 boni,
573 1358 708 1442 luditis,
726 1368 761 1431 et
779 1360 885 1431 velati
904 1383 1056 1453 persona
1073 1360 1213 1454 patriae,
1235 1360 1374 1453 privata

296 1506 415 1570 vestra
437 1499 567 1569 damna
597 1498 691 1569 veris
721 1506 756 1569 et
785 1498 1002 1591 spirantibus
1027 1499 1193 1593 lacrymis
1228 1499 1370 1591 lugetis.

299 1642 453 1706 ditandus
481 1641 669 1706 uniuersus
691 1647 830 1707 exercet
853 1641 1092 1718 histrioniam,
1118 1637 1169 1707 ait
1194 1635 1337 1707 Arbiter
1362 1662 1369 1706 :

296 1784 391 1847 certe
415 1776 484 1848 hic.
510 1774 650 1846 Bellum
673 1774 740 1846 hoc
761 1775 863 1847 civile
888 1798 950 1847 uos
969 1769 1119 1859 cruciat,
1147 1776 1321 1869 inquiunt,
1342 1784 1377 1845 et

296 1914 395 1985 susus
414 1915 638 2011 innocentum
656 1936 772 1996 cruor,
785 1922 819 1985 et
832 1915 988 1986 interitio
1005 1915 1180 1986 libertatis
1195 1922 1230 1986 et
1241 1914 1372 2006 legum.

297 2055 418 2126 Itane?
438 2055 595 2126 dolorem
613 2077 698 2125 sane
715 2061 870 2125 vestrum
889 2054 990 2125 video
1012 2080 1018 2124 :
1041 2076 1161 2146 quaero
1180 2061 1215 2124 et
1233 2061 1376 2123 cunctor

297 2192 340 2262 de
358 2215 498 2263 caussa.
521 2192 659 2271 Quian',
675 2192 815 2285 publica
841 2191 931 2262 male
952 2191 1105 2262 habenti
1124 2191 1263 2272 histrio,
1284 2214 1375 2283 pone

297 2352 505 2421 personam;
523 2329 592 2399 imo
611 2329 693 2423 quia
713 2338 785 2400 tua.
802 2331 964 2401 Vidimus
978 2336 1137 2422 agrestes
1157 2352 1251 2422 saepe
1267 2330 1375 2422 trepi-

299 2468 384 2538 dare
399 2477 434 2539 et
448 2491 670 2550 concurrere,
689 2477 723 2539 et
737 2475 819 2539 vota
833 2469 961 2550 facere,
974 2492 1052 2539 cum
1062 2468 1246 2539 calamitas
1261 2468 1376 2539 subita

300 2607 433 2699 ingruit
457 2614 518 2677 aut
539 2614 732 2700 tempestas
754 2632 760 2676 :
782 2607 844 2678 sed
867 2613 918 2689 tu,
939 2630 1017 2678 cum
1042 2607 1212 2689 desaeviit,
1234 2605 1376 2678 eosdem

298 2769 425 2818 sevoca
450 2754 485 2818 et
511 2746 686 2828 examina,
719 2746 874 2840 reperies
906 2770 1184 2841 unumquemque
1217 2746 1376 2817 timuisse

299 2888 471 2965 duntaxat
498 2887 608 2979 segeti
634 2893 669 2958 et
688 2886 840 2978 agellulo
859 2910 936 2958 suo.
956 2887 1013 2956 Ad
1030 2886 1228 2957 incendium
1248 2886 1282 2955 in
1309 2887 1375 2956 hac

297 3026 384 3096 urbe
402 3025 572 3095 clametur
594 3051 600 3094 :
623 3024 738 3095 claudi
758 3047 859 3117 paene
877 3025 991 3093 dicam
1009 3031 1043 3094 et
1062 3024 1147 3094 coeci
1165 3031 1375 3093 concurrent

295 3161 340 3231 ad
358 3162 659 3253 restinguendum.
681 3161 764 3253 quid
783 3183 930 3231 censes:
950 3168 1064 3230 utrum
1083 3182 1203 3230 amore
1221 3159 1372 3252 patrizat

297 3299 366 3369 imo
381 3307 460 3392 pete
475 3299 519 3369 ab
533 3298 619 3391 ipsis
637 3323 643 3367 :
667 3299 749 3391 quia
767 3298 932 3368 damnum
950 3297 1037 3367 illud
1055 3298 1099 3367 ad
1119 3296 1277 3408 singulos
1295 3321 1373 3390 per-

297 3438 398 3519 tinet,
420 3444 481 3508 aut
500 3443 594 3507 certe
615 3435 690 3528 ejus
708 3442 834 3506 metus,
857 3434 977 3505 Simile
1000 3434 1057 3505 hic
1075 3441 1129 3506 est
1150 3461 1157 3505 :
1180 3442 1215 3505 et
1235 3443 1374 3506 movent

296 3578 402 3669 vulgo
420 3577 632 3669 turbantque
650 3576 809 3648 homines
827 3576 921 3647 mala
942 3576 1094 3669 publica,
1114 3600 1183 3647 non
1202 3578 1283 3670 quia
1301 3577 1374 3670 plu-

298 3716 386 3786 rium
406 3715 441 3784 id
459 3717 638 3800 damnum,
660 3715 721 3785 sed
736 3715 817 3807 quia
830 3715 922 3785 inter
940 3714 1058 3808 plures
1076 3737 1136 3785 eos
1151 3714 1230 3806 ipsi.
