3262 5190
757 455 939 519 -les-

305 655 404 700 mana
429 634 652 724 Philosophiae
677 618 788 707 studio
809 639 887 704 novi
920 637 1102 704 Domitiani
1124 637 1179 704 isti
1209 662 1216 702 :
1241 638 1387 725 quinon

307 787 379 834 eam
403 766 511 834 solum
528 768 689 851 (facultas
716 769 813 836 modo
834 779 867 839 et
883 771 970 838 vires
994 771 1077 856 sint)
1103 770 1160 838 sed
1178 772 1214 837 in
1232 770 1388 837 exsilium

307 898 432 987 pellant
460 922 574 969 omnes
591 900 709 1002 *bonas
737 911 835 970 artes.
868 904 998 971 Priscos
1026 902 1103 971 illos
1131 903 1243 992 patius
1274 903 1388 968 Patres

307 1030 396 1111 vide,
415 1032 546 1101 Graecos
573 1034 788 1123 Latinosque,
816 1037 919 1103 denso
946 1037 1127 1124 agminea
1155 1035 1253 1102 nobis
1272 1055 1388 1101 ornnes

307 1174 410 1245 stant,
434 1176 467 1234 et
490 1165 678 1235 modestum
703 1135 926 1258 Plrilosophiae
949 1170 1100 1236 studium
1125 1191 1191 1236 non
1217 1169 1331 1236 ferunt
1351 1171 1387 1236 in

309 1297 501 1366 Christiano
517 1300 637 1385 salum,
655 1301 713 1369 sed
730 1303 903 1370 inculcant
920 1314 953 1371 et
968 1303 1128 1380 suadent3
1146 1324 1290 1392 quorum
1306 1325 1386 1370 auc·

308 1433 453 1500 raritatis
468 1441 575 1512 scuto,
599 1435 681 1501 satis
701 1455 754 1501 me
774 1443 889 1523 putem
906 1437 979 1502 sine
994 1433 1063 1501 alia
1080 1432 1150 1501 ulla
1166 1434 1294 1502 ratione
1311 1456 1388 1502 con·

307 1575 361 1632 tra
371 1567 532 1654 gigantes
547 1566 628 1633 istos
641 1575 778 1634 tectum.

354 1794 441 1862 Nam
458 1795 708 1884 Philosophiam
724 1816 785 1863 cur
797 1795 935 1863 uberius
948 1797 1059 1863 verbis
1071 1795 1225 1862 laudern?
1239 1797 1387 1874 Frustra,

311 1929 392 2016 quia
412 1935 451 1995 ut
471 1929 637 1995 montium
661 1927 803 2014 altitudo
819 1925 934 2017 procul
958 1949 1026 1994 non
1048 1937 1198 2017 apparet,
1229 1927 1286 1995 sed
1312 1948 1388 2028 cum

309 2062 487 2130 accesseris
507 2085 514 2125 ε
534 2082 601 2127 non
622 2062 701 2126 item
724 2060 828 2150 hujus
851 2059 1023 2149 splendor,
1043 2061 1109 2127 nisi
1122 2081 1199 2127 curn
1224 2061 1386 2150 pernoris.

310 2194 466 2262 Pernosci
498 2201 610 2261 autem
637 2195 709 2260 sine
737 2192 931 2261 Christiana
953 2214 1098 2280 veraque
1127 2191 1289 2282 religione
1319 2214 1389 2260 non

310 2334 418 2414 petest
438 2351 446 2392 ε
466 2347 568 2415 quarn
584 2327 820 2414 praelucentem
836 2327 864 2391 si
882 2325 984 2405 tollis,
1010 2325 1116 2392 fateor
1130 2311 1207 2392 ecce
1219 2333 1253 2393 et
1267 2324 1394 2399 clama

309 2458 495 2526 ludibrium
511 2458 581 2538 ille,
601 2459 746 2539 vanitas,
766 2458 921 2526 delirium
949 2467 1010 2526 est.
1031 2459 1120 2527 Bene
1136 2457 1386 2527 Tertullianus:
1442 2531 1448 2540 ,

314 2590 518 2660 deiceritar
534 2594 679 2681 counita,
697 2588 867 2660 eineder?
893 2597 949 2660 cui
970 2592 1059 2675 decr,
1078 2595 1151 2660 riae
1170 2587 1330 2662 Christo?
1349 2593 1387 2659 In
1464 2588 1466 2591 ’

311 2745 378 2814 qua
393 2727 561 2794 sententia
576 2726 670 2807 finio,
685 2740 719 2795 et
731 2727 816 2794 serio
833 2727 1043 2825 conquiesco.
1060 2725 1170 2793 Velim
1190 2733 1227 2793 tu
1243 2744 1386 2792 mecum.
