3262 5190
784 553 824 563 -
847 474 968 581 rao-

337 720 433 767 num.
452 697 586 789 Itaque,
604 703 642 766 ut
654 718 733 766 cum
751 696 909 788 Diogene
925 697 1051 779 dicam,
1068 697 1153 792 λόγῳ
1172 698 1237 770 tibi
1253 698 1310 769 hic
1324 722 1413 792 opus

268 875 272 892 ·
337 857 407 904 non
428 836 534 928 βρὸχω
563 859 569 904 ;
597 833 696 905 radio
718 834 861 927 inquam
884 835 959 917 illo,
984 835 1042 929 qui
1067 836 1254 928 caliginem
1278 838 1330 906 tui
1353 860 1411 907 ca-

338 972 421 1065 pitis
434 972 601 1042 illustret.
620 972 779 1042 Patriam
793 995 873 1043 ecca
887 972 1064 1044 desertum
1078 973 1109 1044 is
1128 997 1135 1044 :
1158 973 1220 1044 sed
1234 973 1290 1044 dic
1303 975 1409 1055 seri0,

337 1110 436 1181 illam
454 1133 531 1181 cum
554 1110 682 1202 fugies,
707 1118 741 1181 te
759 1133 897 1203 quoque
922 1110 1091 1203 effugiest
1110 1110 1202 1181 Vide
1224 1134 1268 1181 ne
1291 1118 1415 1181 contra

339 1248 398 1329 sit,
419 1254 455 1318 et
474 1253 586 1318 tecum
606 1254 711 1341 atque
731 1247 767 1317 in
785 1255 926 1340 pectore
947 1248 1016 1319 isto
1034 1248 1260 1319 circumferas
1278 1248 1411 1320 fontem
1474 1343 1477 1347 ⁸

337 1387 561 1480 fomitemque
577 1388 628 1458 tui
647 1387 743 1459 mali.
768 1389 819 1458 Ut
840 1388 865 1457 ii
883 1388 941 1481 qui
962 1388 1128 1469 febriunt,
1144 1373 1282 1481 jactant
1305 1412 1343 1460 se
1361 1389 1413 1458 in·

338 1525 453 1619 quiete
471 1532 507 1596 et
520 1533 677 1606 versant,
699 1531 734 1596 et
751 1524 880 1596 lectum
900 1524 1049 1595 subinde
1071 1531 1209 1595 mutant
1229 1547 1322 1595 vana
1348 1547 1410 1617 spe

336 1662 558 1753 levamenti:
593 1661 627 1731 in
654 1661 777 1732 eadem
807 1684 934 1732 caussa
960 1684 1044 1743 nos,
1072 1661 1130 1754 qui
1156 1670 1288 1732 terram
1318 1669 1415 1732 terra

280 1767 281 1770 Ἴ
338 1799 472 1868 frustra
480 1804 668 1876 mutamus,
686 1797 775 1888 aegri
789 1797 922 1869 scilicet
935 1797 1074 1869 mentis.
1091 1798 1415 1891 Aperiroenimhoc

340 1946 394 2008 est
415 1936 587 2017 morbum,
615 1957 685 2005 non
703 1935 827 2007 tollere
849 1961 856 2006 :
879 1936 981 2008 fateri
998 1935 1176 2006 internum
1201 1936 1295 2006 huno
1318 1935 1412 2005 calo-

338 2098 426 2154 rem,
460 2080 495 2144 et
524 2096 594 2144 non
626 2073 770 2144 mederi.
803 2074 997 2166 Eleganter
1026 2074 1210 2144 Romanus
1241 2074 1409 2167 sapiens:

337 2216 532 2298 Proprium
562 2220 612 2279 est
636 2215 728 2298 aeyri
749 2215 840 2281 nibil
860 2215 1028 2299 diupati,
1049 2215 1351 2282 attractationibus
1369 2222 1407 2280 ut

337 2351 505 2417 remediis
525 2353 589 2418 uti.
615 2352 702 2416 Inde
712 2351 1023 2436 peregrinationes
1039 2353 1283 2436 suscipiuntur
1299 2371 1410 2437 onyca

340 2495 372 2554 et
397 2490 516 2554 littora
532 2494 790 2572 pererrantur,·
815 2497 847 2555 et
870 2490 972 2556 modo
992 2491 1088 2555 mori
1111 2510 1165 2568 se,
1186 2491 1287 2557 modo
1313 2497 1412 2556 terro

338 2628 525 2711 emperitur
543 2625 776 2710 proeserittbus
792 2646 932 2710 semper·
949 2628 1080 2710 infesta
1096 2624 1234 2719 levitas(
1249 2624 1272 2719 ).
1291 2626 1413 2717 Itaque

335 2760 457 2852 fugitis
478 2753 592 2852 magis
613 2759 737 2831 turbas
755 2782 860 2853 quam
878 2760 1011 2833 vitatis.
1032 2763 1082 2833 Ut
1099 2785 1204 2833 cerva
1221 2762 1295 2840 illa,
1317 2763 1411 2856 apud
1474 2786 1476 2790 ⁸

339 2897 540 2990 Virgilium,

418 3065 521 3136 Quam
531 3066 643 3142 procul
656 3068 819 3125 incautum
831 3084 962 3125 nemora
974 3069 1055 3125 inter
1067 3066 1189 3127 Cressia
1202 3070 1272 3145 [icit

495 3168 609 3227 Pastor
618 3186 715 3245 agens
729 3168 815 3227 tetis:

419 3316 479 3329 .....
497 3271 554 3330 itta
563 3272 642 3348 [biga
656 3270 750 3329 situas
763 3271 921 3350 saltusque
931 3280 1086 3350 peragrat

390 3400 394 3412 ι
498 3373 667 3433 Dictaeos...

336 3551 470 3623 frustra
491 3577 497 3621 :
519 3551 615 3645 quia,
636 3557 675 3621 ut
688 3551 781 3623 idem
798 3558 903 3644 potita
918 3554 1030 3635 addit,

531 3762 590 3776 .....
608 3720 704 3777 baeret
719 3718 811 3777 lateri
826 3719 927 3779 letalis
945 3722 1090 3781 arundo:

336 3895 387 3964 ita
403 3918 479 3977 vos,
506 3895 564 3987 qui
582 3894 651 3964 telo
672 3894 738 3966 hoc
758 3895 957 3967 adfectuum
978 3898 1117 3991 penitus
1142 3902 1314 3993 percussi,
1342 3926 1412 3974 non

337 4032 373 4103 id
394 4032 569 4114 excutitis,
591 4033 652 4103 sed
672 4033 882 4124 migratione
907 4036 1119 4108 transfertis.
1152 4039 1220 4116 Qui
1246 4063 1327 4111 crus
1345 4041 1411 4112 sibi
1439 4041 1441 4045 ’

372 4251 401 4314 (¹)
420 4249 555 4312 seneque.
