3262 5190
327 907 525 986 Postremo,
538 902 650 996 Lipsi‚
663 902 773 974 altum
788 902 875 973 illud
889 909 924 974 et
937 925 1105 974 arcanum
1118 905 1182 975 tibi
1195 905 1328 978 instilla
1342 933 1348 977 :

275 1042 305 1113 si
332 1040 507 1112 hominem
534 1048 645 1111 tolum
677 1039 820 1133 aspicis,
850 1063 961 1111 vanas
983 1039 1161 1136 falsasque
1186 1066 1264 1115 esse
1288 1044 1353 1115 has

276 1202 397 1251 omnes
415 1177 563 1273 patrias,
584 1184 620 1247 et
640 1178 779 1269 corpori
800 1175 939 1269 quidam
957 1176 1108 1249 fortasse
1125 1179 1279 1273 aliquam
1297 1155 1370 1250 hic*

274 1341 379 1415 possa
396 1315 517 1399 tribui,
536 1314 669 1386 nullam
687 1313 817 1394 animo,
839 1314 897 1407 qui
919 1337 938 1385 a
956 1338 1084 1409 supero
1098 1316 1159 1388 illo
1177 1318 1352 1390 domicilio

275 1456 454 1551 delapsus,
481 1455 577 1526 velut
607 1475 784 1527 carcerem
807 1460 843 1524 ei
866 1453 1061 1526 custodiam
1086 1455 1193 1528 habat
1214 1480 1351 1529 omnem

275 1597 366 1667 hanc
378 1603 524 1667 terram.
536 1593 584 1664 At
597 1593 724 1664 coelum
737 1616 823 1664 vera
836 1592 886 1663 illi
902 1615 1140 1688 germanaque
1153 1596 1270 1689 patria
1282 1607 1346 1669 ast.

275 1734 320 1804 ad
338 1755 443 1826 quarn
461 1730 696 1824 adspiramua
712 1735 752 1818 ut
764 1751 843 1800 cum
856 1730 1072 1823 Anaxagora
1084 1754 1127 1802 ox
1140 1731 1258 1802 animo
1271 1756 1350 1826 pos·

276 1871 386 1943 simus
403 1868 520 1940 dicare
537 1867 635 1939 fatuo
652 1865 734 1937 huic
745 1865 852 1959 vulgo
870 1867 1056 1960 quaerenti,
1071 1873 1162 1938 nitrit
1177 1873 1241 1938 tibi
1256 1893 1352 1940 cara»

271 2015 393 2099 patrio
407 2013 481 2079 est?
498 2011 591 2077 Mitti
606 2029 688 2075 vero
701 2010 763 2074 itta
779 2010 914 2093 patrio,
925 2014 960 2077 at
970 1987 1118 2099 digitum
1132 2015 1351 2100 montemque

273 2149 308 2219 iu
327 2147 462 2218 aethera
479 2144 715 2216 intendamus.

703 2781 808 2853 CAP.
838 2783 922 2854 Xll.

276 3035 403 3095 Tertius
421 3031 573 3108 Adfectus
590 3035 784 3110 teiarperctus,
805 3032 859 3109 qui
873 3031 1044 3093 Miseratio.
1061 3050 1126 3094 eain
1142 3033 1176 3094 ia
1192 3034 1266 3095 vitio
1279 3051 1349 3094 ease.

315 3152 541 3226 discriminata,
558 3151 635 3212 lucia
653 3168 771 3227 caussa,
784 3152 803 3212 ἀ
818 3153 1048 3214 Misericordia.
1064 3153 1219 3230 quomodo,
1235 3159 1264 3215 et
1277 3173 1351 3233 qua·

318 3280 403 3337 tenus
418 3273 451 3336 ed
467 3271 624 3335 utendum.

324 3498 463 3570 Nubcm
481 3496 636 3588 aliquam
661 3494 746 3565 mihi
774 3495 819 3566 ab
844 3496 962 3567 animo
981 3498 1171 3592 dispulisse
1193 3501 1259 3572 hoc
1277 3524 1350 3573 ser-

276 3661 378 3709 mone
399 3637 496 3708 visus
519 3635 690 3727 Largius,
720 3642 755 3706 el
785 3636 831 3706 ad
856 3635 1101 3717 illum‚'luvas
1118 3639 1278 3731 largiter,
1304 3641 1351 3711 mi

275 3798 395 3856 senex,
423 3797 493 3867 qua
519 3771 707 3853 mouendo
733 3795 803 3865 qua
829 3772 999 3845 docendo.
1025 3775 1152 3867 etjam
1177 3777 1349 3849 adfectum

276 3913 388 3994 illum,
405 3911 464 4004 qui
478 3932 565 4002 erga
583 3910 696 3981 solum
710 3917 772 3979 aut
789 3917 922 3980 statum
936 3920 1002 3993 est,
1019 3912 1141 3985 videor
1154 3923 1351 4009 temperare

277 4073 405 4145 posse:
428 4049 583 4119 nondum
600 4048 712 4130 illum,
733 4047 792 4141 qui
810 4047 846 4118 iu
860 4048 1019 4120 homiues
1038 4050 1147 4144 ipsos,
1169 4052 1350 4131 Quomodo

277 4188 368 4257 euim
387 4209 457 4256 nou
471 4191 620 4274 tangant
637 4190 673 4253 ct
692 4191 826 4274 angant
840 4208 894 4255 me
908 4186 1038 4258 damna
1052 4190 1191 4281 patriae,
1209 4201 1352 4285 propter
