3262 5190
296 931 297 934 '
327 940 454 1010 Fatum
481 941 557 1010 estl
585 940 646 1010 sed
681 941 795 1033 prima
825 963 948 1034 nempe
979 961 1118 1011 caussa.
1149 961 1229 1032 quae
1264 937 1353 1009 adeo

277 1079 450 1152 secundas
463 1078 667 1174 mediasque
688 1103 758 1151 non
776 1079 881 1161 tollit,
905 1088 1033 1151 utnon
1058 1079 1125 1149 nisi
1152 1076 1354 1172 (ordinatim

276 1219 416 1313 quidem
445 1233 481 1291 et
514 1220 556 1296 ὡς
589 1221 639 1286 ἐπὶ
667 1221 702 1287 τὸ
727 1218 859 1314 alcimo)
878 1243 941 1313 per
965 1242 1026 1290 eas
1052 1224 1149 1311 agat.
1182 1218 1230 1288 At
1262 1216 1355 1286 inter

276 1360 449 1431 secundas
467 1359 573 1431 etiam
589 1359 765 1431 Voluntas
783 1369 845 1431 tua
863 1367 918 1431 est
940 1383 946 1428 :
969 1383 1073 1453 quam
1093 1359 1176 1451 fuge
1192 1357 1350 1438 credere,

275 1509 314 1572 ut
332 1500 418 1572 <lens
437 1501 496 1572 ille
513 1508 618 1594 cogat
629 1508 692 1606 aut
707 1501 809 1572 tollat
823 1496 869 1595 (¹).
891 1501 959 1571 Hic
973 1524 1073 1571 error
1094 1498 1209 1570 omnis
1231 1497 1267 1567 in
1284 1497 1354 1568 ista

275 1663 326 1722 re,
347 1639 425 1712 haec
442 1640 567 1723 nubes
579 1663 682 1711 nemo
696 1639 762 1711 scit
778 1647 841 1710 aut
854 1639 988 1732 cogitat
1006 1661 1044 1710 se
1064 1638 1152 1709 velle
1169 1635 1261 1732 quod
1280 1634 1355 1706 vult

276 1779 403 1849 Fatum
434 1801 441 1846 :
466 1788 502 1850 et
527 1778 619 1860 dico,
645 1778 756 1849 libere
778 1777 881 1850 uelle.
912 1778 1007 1848 Deus
1030 1776 1201 1847 enimille
1219 1776 1353 1882 quires

274 1919 421 2000 creavit,
455 1919 561 1990 rebus
593 1919 716 2001 utitur,
747 1918 824 1990 sine
849 1917 1074 2012 corruptione
1096 1940 1228 1988 rerum.
1256 1915 1354 1987 Sicut

274 2082 475 2152 supremum
505 2057 592 2129 illud
626 2060 754 2130 coelum
788 2058 974 2130 inferiores
1008 2081 1130 2130 omncs
1164 2056 1269 2128 orbes
1303 2055 1354 2126 ita

274 2221 392 2269 secum
406 2198 515 2281 ducit,
536 2206 575 2269 ut
588 2198 770 2292 proprium
789 2221 911 2269 eorum
929 2205 1061 2268 motum
1080 2220 1152 2267 non
1165 2196 1353 2287 abrumpat

274 2344 336 2408 aut
353 2335 457 2407 sistat
478 2317 558 2407 :sic
576 2337 672 2409 Deus
689 2337 753 2408 sati
767 2337 899 2431 impetu
912 2337 1068 2408 humana
1086 2337 1205 2408 omnia
1226 2335 1350 2416 trahit,
1438 2329 1443 2338 ’

274 2476 336 2547 sed
350 2475 563 2569 peculiarem
581 2475 748 2571 cujusque
762 2477 831 2547 vim
847 2487 909 2582 aut
934 2477 1124 2548 motionem
1150 2499 1221 2555 non
1243 2475 1349 2547 tollit.

273 2615 430 2686 Arbores
443 2622 478 2686 ct
491 2615 612 2707 fruges
628 2615 737 2686 voluit
749 2616 928 2687 cresceret
947 2623 1109 2687 crescunt
1123 2615 1199 2686 sine
1213 2614 1286 2685 ulla
1301 2614 1348 2715 vi,

273 2777 336 2849 per
352 2762 527 2826 naturam.
551 2755 721 2827 Homines
745 2754 954 2839 deliberare,
985 2756 1140 2848 eligeret
1156 2755 1353 2826 deliberant

274 2895 349 2967 sine
369 2896 440 2967 nlla
453 2896 487 2967 vi
504 2905 540 2969 et
557 2897 706 2990 eligunt,
732 2921 795 2991 per
819 2899 1050 2970 voluntatem.
1079 2898 1127 2968 Et
1149 2904 1267 2969 tamen
1286 2895 1354 2965 hoc

273 3034 388 3127 ipsum
402 3034 495 3129 quod
513 3036 658 3108 electuri
676 3037 831 3118 fuerunt,
852 3036 940 3107 vidit
958 3036 1033 3130 ipse
1052 3036 1096 3106 ab
1111 3042 1246 3106 aeterno
1264 3059 1271 3105 :
1291 3033 1352 3106 sed

273 3173 373 3255 vidit,
401 3197 472 3245 non
497 3176 630 3267 coegit3
664 3176 779 3258 scivit,
807 3199 877 3246 non
909 3176 1047 3260 sanxit;
1073 3175 1251 3270 praedixit,
1281 3197 1352 3245 non

273 3313 491 3407 praescripsit
505 3309 552 3409 (²).
576 3313 669 3392 Quid
686 3313 843 3387 titubant
860 3315 917 3386 hic
937 3315 1048 3386 nostri
1068 3316 1262 3387 Curiones?
1282 3314 1352 3385 Mi-

273 3450 369 3522 selli!
392 3476 461 3522 non
475 3452 565 3523 alius
584 3452 669 3524 mihi
686 3453 784 3525 locus
798 3455 938 3526 videtur
955 3455 992 3525 in
1009 3454 1151 3526 clariori
1171 3456 1261 3538 luce,
1283 3453 1350 3526 nisi

273 3593 365 3686 quod
390 3594 529 3688 petulca
546 3595 617 3667 ista
635 3620 734 3667 mens
757 3596 958 3668 idemtidem
985 3621 1023 3667 se
1050 3597 1176 3689 scalpit
1195 3605 1231 3667 et
1252 3618 1352 3666 exas-

273 3742 386 3826 perat,
421 3734 514 3804 mala
535 3734 687 3828 quadam
714 3736 831 3807 scabie
861 3736 990 3810 infecta
1014 3735 1176 3829 litigandi
1199 3744 1235 3806 et
1252 3733 1350 3805 diffe-

274 3872 386 3943 rendi.

306 4090 336 4152 (¹)
354 4089 433 4140 Saint
446 4091 583 4153 Augustiu
595 4092 664 4142 adit
677 4092 809 4142 flnement
821 4096 837 4142 a
849 4107 880 4144 ce
893 4096 980 4157 sujet:
996 4094 1035 4145 La
1047 4095 1158 4147 nolonte
1172 4110 1206 4145 uc
1219 4096 1285 4159 peut
1298 4102 1356 4160 pas·

272 4181 496 4231 etrecontrainte
507 4181 534 4230 ni
545 4181 799 4232 arucneearouloir
810 4197 841 4233 co
855 4185 953 4247 qu'elle
969 4201 1002 4235 nc
1015 4189 1078 4236 veut
1093 4201 1216 4250 pam-car
1233 4201 1301 4236 nous
1317 4201 1350 4236 ne

272 4268 387 4321 roulons
401 4285 450 4334 pras
464 4272 555 4333 qucrntl
570 4287 639 4321 nous
654 4287 687 4322 ne
701 4273 816 4322 voulons
831 4289 890 4337 pua.
