3262 5190
724 454 905 517 —416-

275 642 474 722 quindecies
496 647 638 707 centeno
664 642 776 706 ueilb'u
802 636 981 706 hominurn
1006 633 1165 730 (quaesivi
1183 635 1278 704 enim
1299 657 1367 705 cu·

277 775 379 868 riose)
399 800 467 846 nou
487 777 570 847 totis
588 776 691 847 curiis
704 775 951 869 septemdecim
966 773 1195 867 consumpsit.
1216 773 1366 844 Bellum

275 912 375 983 civile
394 915 547 984 Caesoris
572 925 606 984 et
631 913 802 1007 Pompeii,
824 913 869 983 ad
894 918 1007 982 ruilliu
1030 923 1184 983 trecenta
1205 946 1212 982 :
1231 921 1266 983 et
1284 911 1364 983 lar·

275 1058 366 1150 gius,
388 1059 504 1141 Bruti,
526 1059 651 1141 Cassii,
672 1059 754 1130 Sex.
773 1057 931 1151 Pompeii
955 1079 1066 1128 arma.
1093 1056 1140 1127 m
1161 1056 1243 1149 quid
1261 1054 1363 1126 bella

276 1218 440 1267 recenseo
458 1198 610 1291 plurium
627 1197 783 1291 euspicio
802 1205 904 1289 gesta
924 1204 986 1266 aut
1004 1195 1130 1266 ductui
1155 1195 1256 1266 Unus
1274 1217 1361 1266 ecce

273 1337 309 1408 J.
335 1337 457 1408 Caeser
485 1338 521 1431 (ὁ
553 1347 685 1432 pestem
712 1337 969 1432 perniciemque
999 1336 1140 1429 generis
1167 1335 1360 1425 humauii)

275 1475 404 1545 fatetur
425 1482 460 1546 et
481 1475 619 1569 quidem
646 1476 817 1568 glorians,
839 1481 1002 1546 zendecies
1019 1483 1164 1545 centena
1190 1484 1223 1544 et
1242 1496 1357 1544 nona-

273 1620 374 1702 qz'nta
387 1619 455 1685 duo
468 1622 581 1686 millia
596 1621 776 1686 bominum
784 1621 925 1706 praeliis
938 1623 960 1686 b
974 1640 1012 1686 se
1025 1621 1151 1686 occisa.
1168 1621 1273 1707 atque
1286 1613 1353 1693 ita,

275 1761 313 1823 ut
332 1777 402 1825 uon
421 1755 540 1826 veniat
559 1756 894 1827 inhonorationem
916 1763 1054 1847 strages
1072 1753 1227 1825 civilium
1244 1751 1355 1823 bello-

276 1919 371 1973 rum„
389 1896 555 1968 Pauculis
582 1898 684 1968 aunis
708 1897 834 1991 quibus
857 1897 917 1967 iIIe
940 1897 1124 1990 Hispaniae
1147 1904 1208 1967 aut
1226 1895 1355 1966 Gallice

276 2035 428 2129 praefuit,
452 2037 487 2106 in
501 2045 665 2108 externos
684 2037 788 2108 euirae
808 2036 886 2107 istae
901 2036 1028 2107 ceedes.
1049 2035 1125 2113 Quo
1144 2043 1261 2111 bornen
1280 2058 1354 2105 me·

269 2175 328 2266 jor
345 2175 451 2246 etiam
469 2176 536 2247 hac
550 2185 650 2270 parte
668 2177 728 2247 ille
746 2177 915 2269 Magnus,
933 2176 992 2270 qui
1005 2175 1041 2245 in
1060 2174 1205 2246 delubro
1220 2173 1353 2245 Miner-

276 2336 331 2383 vae
353 2315 532 2408 inscripsit
557 2321 640 2402 susa
665 2324 754 2397 use,
774 2321 912 2404 supero,
933 2321 1056 2397 occasu,
1079 2320 1116 2385 iu
1142 2320 1354 2385 deditionem

276 2462 427 2538 accepta,
439 2457 618 2522 bominum
632 2459 738 2524 uicies
746 2460 853 2524 semel
864 2464 1005 2525 rerzteno
1016 2455 1210 2526 LXXXIII
1224 2459 1351 2526 millia.

278 2590 411 2667 Quibus
425 2591 521 2664 velut
536 2593 569 2662 in
587 2616 783 2675 numerum,
801 2595 831 2665 si
844 2595 910 2675 vis,
927 2594 1030 2674 adde,
1049 2595 1092 2672 Q.
1115 2594 1354 2688 Fabium,an

276 2740 412 2799 centum
435 2736 552 2801 decem
582 2737 761 2803 Gallorum
787 2739 898 2803 millia
921 2768 929 2804 .·
954 2734 993 2806 C.
1020 2734 1189 2816 Marium,
1212 2734 1271 2827 qui
1288 2739 1354 2804 du·

275 2878 374 2937 centu
398 2872 648 2941 Cimbrorum:
669 2871 856 2964 posteriori
875 2895 951 2943 aevo
972 2871 1125 2950 Aetium,
1147 2871 1205 2964 qui
1224 2894 1354 2941 memo·

276 3006 377 3077 rabili
394 3007 621 3078 Cataleuuico
640 3009 765 3101 proelio
783 3020 921 3080 centum
939 3015 1129 3098 seoeupintc
1150 3014 1219 3079 duo
1240 3014 1354 3078 millia

278 3145 485 3216 Hunnorum
504 3147 642 3217 occidit.

326 3625 371 3695 Et
398 3650 440 3695 ue
465 3625 566 3697 bellis
592 3626 662 3697 illis
690 3626 870 3697 hominum
889 3627 1063 3698 cadavere
1081 3635 1218 3699 tautum
1236 3627 1354 3699 ¹fuisse

276 3786 421 3834 censeas
454 3790 460 3835 :
488 3765 705 3835 suereetiam
721 3765 941 3859 oppidorum.
965 3767 1051 3837 Cato
1078 3765 1136 3837 iIIe
1162 3766 1353 3838 Censorius

236 3900 243 3910 ’
277 3905 451 3996 gloriatur
477 3905 579 3998 plura
603 3906 732 3998 oppida
758 3929 796 3977 se
824 3906 858 3976 in
887 3907 1062 4000 Hispania
1079 3907 1227 4001 cepisse,
1249 3929 1353 4000 quam

277 4044 351 4113 ‹Iies
377 4043 411 4112 iu
437 4043 625 4135 coegerit.
657 4043 886 4138 Sempronius
918 4045 1112 4127 Gracchus,
1141 4045 1170 4116 si
1204 4043 1353 4139 Polybio

277 4181 376 4263 fides,
394 4191 547 4251 trecente
567 4181 602 4250 in
621 4181 743 4252 eudem
761 4181 902 4253 delevit.
