3262 5190
728 483 911 546 ,Μ-

280 661 501 757 vidimusque
518 661 720 757 (difficulter
732 663 913 758 creditum)
928 664 964 735 in
978 662 1067 734 coelo
1086 662 1163 756 ipso
1182 663 1279 734 nasci
1295 664 1360 734 ali-

279 800 362 894 quid
377 823 494 893 posse‚
512 808 547 872 et
561 802 663 874 mori.
684 802 777 879 Quin
790 804 907 874 Varro
922 826 1002 875 ecee
1016 801 1111 895 apud
1121 800 1359 894 Augustinum

279 939 408 1010 elamat
425 948 461 1010 et
478 939 632 1022 adserit,
653 946 790 1010 stellam
817 946 961 1011 Veneris
984 964 1090 1029 quum
1108 945 1259 1009 Plautus
1283 945 1360 1010 Ves-

271 1084 497 1169 peruyinena
514 1079 702 1162 Homerus,
717 1077 842 1174 εῠπερον
856 1085 1019 1168 appellat,
1030 1084 1179 1149 colorem
1194 1088 1357 1158 enatasse,

277 1223 584 1308 moenitudinem,
616 1225 790 1310 finarum,
829 1244 986 1292 cursum.
1028 1218 1234 1290 Proximum
1268 1219 1358 1290 coelo

276 1361 394 1426 adrem
421 1355 567 1450 inspice.
597 1365 757 1430 mutatur
786 1357 930 1430 cottidie
960 1381 967 1427 :
997 1364 1032 1429 et
1057 1356 1094 1427 in
1117 1363 1241 1428 ventos
1268 1355 1355 1437 abit,

274 1494 386 1566 nubes
400 1509 436 1565 et.
452 1495 596 1567 imbres

324 1994 453 2065 Transi
469 1994 652 2089 adaquas
667 1994 813 2067 flumina
825 1995 900 2078 illa,
918 2018 997 2090 quae
1012 1996 1181 2089 perennia
1190 1996 1353 2078 dicimus,

274 2139 310 2204 et
323 2133 451 2215 fontes
473 2133 563 2205 alias
581 2134 730 2227 periisse
747 2134 905 2217 videbis3
931 2134 1021 2206 alias
1040 2134 1179 2206 alveum
1198 2144 1356 2208 mutasse

274 2277 309 2341 et
327 2293 482 2342 cursum.
505 2271 584 2363 lpse
599 2271 659 2342 ille
673 2271 849 2353 Oceanus,
867 2293 997 2363 magna
1011 2281 1046 2343 et
1059 2296 1192 2345 arcana
1205 2275 1355 2346 Naturae

274 2422 372 2493 para,
395 2401 498 2493 modo
512 2402 783 2495 tempestatibus
797 2402 973 2474 attollitur
987 2411 1049 2475 aut
1062 2403 1224 2498 dejicitur
1245 2432 1252 2478 :
1270 2415 1305 2479 et
1318 2415 1356 2478 ut
1389 2492 1394 2500 ¹

275 2563 328 2612 eae
347 2563 418 2610 non
437 2541 520 2622 sint,
538 2563 622 2611 suos
635 2541 743 2613 habet
761 2564 932 2636 aquarum
947 2565 1111 2615 accessus
1129 2550 1165 2615 et
1178 2568 1351 2616 recessus,

273 2687 378 2773 atque
396 2686 435 2751 ut
453 2679 598 2751 interire
615 2702 694 2751 eum
712 2688 824 2752 totum
840 2704 945 2774 posse
963 2705 1122 2765 censeas
1145 2684 1272 2756 crescit
1290 2684 1354 2755 mi-

272 2819 460 2914 nuiturque
480 2818 623 2890 cottidie
640 2842 704 2912 per
721 2826 854 2913 partes.

323 3113 398 3183 larn
429 3111 459 3182 si
490 3112 639 3182 Terram
670 3111 832 3192 intueris,
866 3136 972 3205 quam
1003 3136 1109 3183 unam
1139 3113 1353 3185 immobilem

272 3252 470 3331 voluerunt,
484 3257 520 3320 et
532 3248 567 3319 vi
582 3272 647 3319 sua
660 3248 799 3342 stare(¹)
815 3272 821 3317 :
840 3272 920 3322 ecce
939 3249 1009 3320 illic
1023 3249 1133 3332 labat,
1151 3258 1186 3322 et
1199 3259 1352 3322 tremore

272 3397 378 3483 atque
395 3387 531 3460 occulto
558 3387 684 3481 spiritu
709 3390 907 3461 concutitur
934 3412 941 3457 :
967 3388 1053 3462 alibi
1081 3412 1174 3484 aqua
1197 3413 1352 3461 corrum-

271 3530 379 3622 pitur,
403 3535 465 3599 aut
489 3527 584 3622 igne.
607 3530 773 3622 Pugnant
799 3528 891 3600 enim
915 3537 950 3599 et
975 3529 1053 3601 haec
1071 3529 1163 3600 inter
1185 3552 1253 3599 se:
1284 3553 1353 3600 neu

272 3668 366 3740 bella
389 3669 480 3740 inter
503 3669 663 3740 homines
689 3674 828 3738 tantum
846 3690 925 3738 esse
942 3668 1139 3760 indignere,
1160 3676 1243 3739 sunt
1260 3669 1353 3740 inter

272 3807 447 3893 elementa
481 3808 570 3900 ipsa.
603 3805 762 3877 Diluvies
793 3807 901 3878 maris
931 3806 1049 3878 subita
1078 3806 1348 3900 inundatioque,

273 3954 357 4040 quot
388 3954 502 4017 terras
529 3945 714 4025 imminuit,
746 3954 807 4017 aut
833 3946 1030 4040 absorpsit!
1070 3947 1152 4019 olim
1186 3969 1352 4039 magnam

306 4250 313 4307 t
319 4248 336 4311 ¹)
354 4248 386 4298 Vi
399 4250 449 4298 sua
462 4249 546 4311 stare,
559 4247 620 4299 d'ort
633 4249 657 4297 le
670 4263 733 4299 raom
743 4250 776 4299 de
787 4248 879 4300 Vesta.
