3262 5190
770 509 810 519 -
831 466 892 537 ⁹298
917 509 952 518 -

759 776 862 847 CAP.
894 777 956 846 IV.

321 1015 375 1076 Ad
403 1014 586 1095 sapientiam
613 1013 714 1094 ioitor
737 1012 918 1075 atlortotio.
949 1030 1004 1090 per
1028 1028 1093 1074 eam
1113 1012 1154 1073 oa
1189 1012 1400 1075 Constantiam

362 1136 478 1201 oeaiei.
492 1141 520 1197 et
530 1136 609 1197 serio
619 1135 896 1214 monitojaoeatos‚
909 1138 944 1195 at
954 1133 1052 1193 serios
1062 1133 1267 1209 Philosophia
1278 1134 1400 1196 litteras

361 1279 430 1322 aaa
444 1259 656 1320 omaaioritas
672 1258 737 1320 illis
751 1263 779 1320 et
795 1255 971 1319 liberalitas
983 1257 1159 1337 aoajaaoot.

372 1474 519 1546 Dixerat
541 1474 713 1565 Langius.
735 1481 770 1544 et
788 1479 964 1566 postremo
983 1472 1043 1542 illo
1065 1480 1137 1543 tam
1156 1472 1228 1542 alto
1255 1478 1290 1542 et
1316 1495 1398 1543 con-

323 1613 430 1684 stanti
448 1636 622 1694 sermone,
644 1636 725 1682 vera
750 1612 876 1693 fateor,
903 1610 1048 1682 dederat
1066 1635 1121 1681 me
1148 1609 1184 1681 in
1204 1617 1395 1702 stuporem.

322 1774 425 1844 quem
442 1759 559 1821 tamen
573 1749 712 1842 abrupi,
731 1751 760 1820 O
779 1757 814 1820 te
831 1749 979 1831 felicem,
993 1748 1167 1842 inquiens,
1190 1748 1252 1819 otii
1266 1748 1399 1843 pariter

323 1896 358 1960 et
371 1888 551 1960 curarum!
569 1894 605 1958 et
623 1886 715 1957 dvix
732 1886 921 1957 humanam
940 1886 976 1956 in
994 1885 1135 1956 homine
1148 1887 1275 1957 vitam!
1295 1908 1398 1979 quam

321 2028 455 2099 utinam
475 2035 575 2120 parte
602 2026 720 2120 aliqua
738 2014 868 2096 imitari
890 2024 974 2095 mihi
997 2025 1084 2125 sas:
1111 2033 1146 2096 et
1169 2048 1231 2118 per
1248 2024 1398 2117 vestigia

320 2166 391 2237 ista
409 2189 564 2258 serpere,
582 2164 648 2235 etsi
662 2165 768 2255 longo
782 2163 983 2234 intervalla.

369 2402 527 2492 Langius
545 2399 641 2471 velut
662 2398 853 2491 castigans,
879 2398 1037 2470 Imitarit
1057 2398 1183 2492 inquit,
1204 2398 1274 2469 imo
1293 2422 1397 2493 supe-

242 2536 243 2539 ’
321 2563 414 2612 rare.
432 2563 496 2610 nec
518 2536 616 2633 sequi
635 2538 698 2608 tibi
718 2538 830 2609 solum
848 2538 905 2608 hia
917 2537 989 2631 jus,
1020 2538 1082 2608 sed
1100 2538 1241 2631 praeire.
1264 2539 1397 2609 Parum

320 2656 427 2763 enim,
449 2678 568 2773 Lipsi,
593 2700 718 2771 parum
737 2678 772 2747 in
792 2677 857 2749 hac
875 2678 1093 2749 Constantia
1117 2685 1152 2748 et
1169 2678 1320 2750 Virtutis
1339 2679 1397 2750 via
1418 2749 1421 2755 .

320 2818 387 2913 ipsi
397 2841 461 2889 nos
472 2817 710 2911 promovimus
724 2840 731 2885 τ
748 2840 812 2888 nec
825 2817 974 2889 sortibus
985 2807 1154 2912 bonisque
1164 2842 1268 2912 pares
1282 2819 1397 2891 adhue

320 2980 455 3038 sumus,
474 2957 536 3027 sed
554 2956 707 3050 projecte
723 2956 886 3028 mollibus
905 2965 967 3028 aut
981 2957 1085 3028 malis
1107 2959 1226 3051 paullo
1244 2959 1395 3029 fortasse

320 3096 509 3167 firmiores,
537 3095 586 3166 At
615 3103 653 3166 tu
680 3095 777 3187 cujus
803 3103 928 3186 vegeta
947 3103 982 3166 et
1005 3097 1078 3166 alta
1102 3096 1251 3179 indoles
1281 3098 1395 3168 accin-

320 3255 417 3326 gere.
439 3239 473 3302 et
492 3255 546 3301 me
565 3231 664 3312 duce,
681 3232 774 3301 viam
796 3231 888 3301 hanc
909 3231 1050 3324 iniquae
1066 3241 1161 3304 recta
1179 3235 1223 3304 ad
1247 3234 1395 3306 firmitu-

320 3371 436 3442 dinem
451 3379 486 3441 et
501 3370 742 3442 Constantiam
761 3370 857 3442 ducit
875 3396 881 3442 :
904 3371 974 3441 Via
987 3394 1091 3464 quam
1109 3373 1199 3455 dicu,
1214 3373 1396 3467 Sapientia

320 3518 393 3595 est;
421 3510 518 3603 cujus
540 3510 750 3604 aequabilem
773 3518 808 3581 et
825 3511 1059 3611 'tranquillam
1079 3511 1251 3594 orbitam,
1273 3536 1394 3606 quaeso

320 3672 525 3743 moneoque,
552 3674 596 3720 ne
622 3649 715 3719 ultra
740 3649 856 3741 fugias
879 3649 1029 3721 calcare.
1060 3650 1207 3721 Litterae
1234 3652 1296 3722 tibi
1315 3652 1394 3724 hae-

320 3799 421 3859 tenus
440 3790 537 3859 aureli
551 3798 585 3860 et
599 3812 722 3860 novem
737 3791 816 3861 istae
831 3791 906 3861 doae
917 3793 931 3862 t
945 3792 1072 3885 placet.
1092 3794 1164 3864 scio
1178 3795 1269 3864 enim
1285 3817 1393 3864 amoe-

319 3929 417 3998 niore
430 3929 497 3999 hac
514 3936 549 3999 et
566 3936 712 4000 externa
725 3930 885 4001 doctrina
904 3931 1014 4002 excoli
1032 3940 1067 4002 et
1080 3933 1276 4026 praeparari
1295 3933 1392 4026 prius

319 4067 472 4136 animum
491 4067 631 4149 dobere,
653 4091 722 4137 noa
752 4078 833 4137 onte
853 4073 1014 4138 idoneam
1033 4075 1091 4138 oeei
1111 4076 1233 4140 divina
1256 4077 1391 4141 seiteina
1423 4065 1428 4071 ’

317 4208 593 4274 coeorneiltontur.
622 4204 682 4273 sed
710 4204 795 4275 illud
823 4229 892 4276 non
914 4205 1042 4298 placet,
1072 4208 1100 4277 si
1129 4207 1164 4276 in
1192 4208 1246 4278 his
1273 4209 1392 4280 adhae-
