3262 5190
725 484 909 548 -316-

279 670 386 742 robur
404 667 557 740 instituit
582 675 617 739 et
634 669 813 740 virtutem.
834 667 998 740 Athletas
1017 691 1081 760 per
1099 667 1209 738 multa
1229 691 1357 761 aspera

236 844 238 853 ·
278 815 433 888 exerceri
455 815 626 898 videmus
647 822 686 886 ut
704 816 860 887 vincant.
881 815 977 886 idem
1002 816 1045 886 dc
1073 815 1175 887 nobis
1203 839 1305 887 cense
1319 816 1356 887 in

277 956 344 1026 hac
357 954 508 1026 cladium
526 952 708 1046 palaestra.
725 952 817 1025 Acer
830 954 923 1024 enim
937 953 996 1025 1116
1011 962 1132 1026 noster
1149 963 1355 1050 gymnastes

277 1106 312 1169 et
324 1090 497 1168 exercitor
514 1103 592 1167 est:
615 1095 748 1166 laboris
766 1095 1017 1190 patientiaeque
1038 1103 1195 1179 exactor,
1216 1120 1288 1169 non
1307 1097 1354 1167 ad

277 1236 441 1313 sudorem
455 1242 604 1316 tantum,
626 1234 688 1305 sed
702 1234 747 1304 ad
760 1257 933 1307 cruorem.
951 1234 1109 1306 Molliter
1126 1259 1205 1305 eum
1223 1234 1355 1306 habere

278 1396 361 1444 suos
369 1373 515 1443 censesl
534 1371 670 1443 deliciis
680 1373 800 1444 fovere
814 1380 877 1443 aut
888 1372 996 1443 luxul
1012 1395 1083 1443 non
1100 1373 1199 1444 facit.
1217 1374 1357 1444 Matres

277 1520 371 1593 sunt,
394 1534 472 1605 quae
503 1511 707 1605 plerumque
734 1511 849 1604 specie
875 1511 1028 1582 dulcium
1059 1520 1288 1605 corrumpunt
1320 1521 1356 1584 at

277 1655 446 1720 enervant
470 1648 626 1719 liberos:
648 1658 779 1742 patrea,
802 1648 860 1742 qui
879 1647 1033 1720 tristium
1052 1648 1167 1741 specie
1194 1657 1352 1720 servant.

278 1789 386 1858 Pater
403 1795 521 1857 autem
539 1787 598 1857 illc
616 1786 717 1858 nobis
731 1794 785 1858 est
806 1812 813 1857 :
835 1787 982 1880 ideoque
1000 1810 1082 1857 vero
1104 1765 1169 1857 nos
1187 1786 1302 1880 diligit
1319 1796 1355 1859 61

276 1949 412 1998 severe.
430 1926 469 1997 Si
486 1933 631 1997 nautam
648 1934 683 1996 tc
701 1948 779 1996 esse
809 1926 915 2010 velis;
940 1948 1003 2018 per
1033 1932 1261 2017 tempestates
1291 1926 1355 1997 do-

275 2089 390 2138 ceare.
412 2066 443 2137 si
457 2065 615 2149 militem;
632 2088 695 2158 per
712 2063 880 2157 pericula.
908 2063 937 2134 si
956 2088 1038 2135 vere
1062 2064 1198 2150 virum;
1218 2088 1281 2136 cur
1298 2088 1355 2137 re-

275 2227 379 2276 cusas
397 2203 640 2274 adflictiones?
656 2224 726 2273 non
740 2201 834 2272 enim
847 2200 919 2272 alia
931 2201 976 2272 ad
990 2202 1175 2274 roburvia.
1197 2186 1354 2274 Videsne

274 2342 444 2434 languida
455 2342 518 2413 illa
531 2349 566 2412 et
581 2340 777 2412 umbratica
790 2364 951 2433 corpora,
973 2364 1052 2434 quaa
1062 2364 1165 2412 rarus
1184 2342 1237 2413 sol
1250 2342 1351 2425 vidit,

275 2487 400 2550 ventus
423 2502 493 2550 non
517 2479 671 2561 strinxit,
701 2502 789 2549 aura
823 2479 960 2550 tristior
985 2503 1056 2551 non
1081 2479 1226 2552 libavitl
1259 2482 1352 2553 tales

274 2618 429 2690 mollium
447 2619 596 2690 istorum
613 2627 648 2689 ct
661 2618 832 2711 perpetim
845 2618 1000 2689 felicium
1017 2619 1125 2689 animi
1144 2628 1239 2701 sunt,
1261 2642 1351 2714 quos

275 2761 411 2854 dejiciet
454 2768 488 2831 et
527 2761 679 2832 resolvet
728 2760 870 2830 minima
909 2759 1132 2831 adversantis
1181 2761 1352 2833 Fortunae

274 2923 375 2971 allia.

322 3931 483 4001 Firmant
501 3931 618 4003 clades
632 3932 754 4024 igitur,
777 3941 812 4004 et
831 3940 867 4004 ut
887 3936 1033 4005 arbores
1054 3934 1168 4005 ventis
1186 3934 1348 4026 agitatae‚

271 4069 377 4139 altius
395 4069 531 4139 radices
545 4078 656 4161 agunt
673 4096 679 4140 :
697 4072 748 4142 sic
765 4073 847 4142 boni
866 4074 900 4143 in
915 4074 1044 4144 virtute
1063 4074 1178 4166 magis
1191 4096 1351 4167 compre·

270 4215 439 4297 hauriunt,
461 4216 600 4309 impulsi
620 4217 807 4311 aliquoties
826 4221 1085 4292 adversitatum
1103 4222 1239 4293 flabris.
