3262 5190
787 485 968 549 -306-

385 669 462 760 Ego
478 668 665 761 excipiens,
689 668 781 749 Seia,
795 668 921 759 Laugi‚
935 667 1076 760 inquam
1094 691 1100 735 :
1124 663 1185 734 sed
1206 670 1242 733 tu
1258 687 1410 757 quoque,

338 806 454 888 sodes
476 806 566 876 adde
588 830 749 899 operam,
770 813 805 876 et
828 806 926 876 filum
944 806 1032 877 illud
1054 805 1212 876 hesterni
1240 804 1417 874 sermonis

338 953 493 1039 pantena,
511 945 603 1039 quod
621 946 782 1018 invitatio
798 946 890 1017 male
904 920 1058 1038 abrupit.
1078 943 1134 1015 Ad
1153 943 1413 1021 Constantiam,

336 1085 491 1176 iuquam,
511 1084 585 1154 redi
608 1107 615 1152 ε
637 1084 735 1176 cujus
750 1084 991 1155 intermissum
1017 1106 1157 1154 sacrum
1176 1081 1252 1152 sine
1272 1080 1412 1173 piaculo

337 1244 406 1291 non
422 1220 555 1291 differs

281 1420 285 1425 .
350 1385 355 1396 ·
384 1360 542 1452 Langius
560 1359 674 1452 eapite
691 1359 816 1431 leviter
831 1360 1011 1446 abnuens,
1039 1360 1088 1429 Ut
1106 1382 1150 1429 ne
1167 1357 1330 1429 includan
1347 1358 1411 1428 ite-

335 1520 411 1567 run]
431 1498 467 1567 in
485 1497 577 1569 hune
594 1498 735 1568 ludum?
761 1498 885 1592 inquit.
916 1522 985 1569 non
1017 1498 1145 1568 faciam
1172 1498 1270 1589 Lipsi
1301 1522 1308 1567 :
1341 1519 1410 1566 non

334 1636 429 1698 certe
458 1629 494 1698 in
524 1628 590 1699 hoc
615 1629 704 1709 loeo,
734 1652 836 1722 quem
863 1629 934 1698 otio
964 1652 1039 1699 meo
1069 1628 1159 1700 seire
1190 1627 1310 1707 debes,
1340 1650 1411 1696 non

334 1767 475 1857 negotio
496 1775 751 1837 consecratum.
783 1766 941 1859 Denique
959 1765 1047 1835 alias
1065 1766 1291 1835 decurremus
1310 1764 1409 1834 illum

334 1928 487 1977 cursum.

383 2043 455 2111 I1n0
478 2065 583 2123 nune,
611 2042 753 2134 inquam
777 2064 856 2134 ege,
885 2050 920 2112 et
943 2042 1020 2135 quis
1035 2042 1134 2113 locus
1153 2043 1304 2135 sapienti
1329 2042 1411 2112 huie

332 2180 485 2252 sermoni
503 2180 630 2273 aptior,
648 2204 751 2274 quam
770 2181 832 2252 illa
860 2181 1051 2274 Sapientiae
1071 2190 1142 2253 tuae
1159 2181 1303 2252 domus't
1320 2182 1408 2251 Per·
1501 2214 1504 2219 ·

330 2319 450 2409 gulam
467 2318 559 2389 hane
576 2318 665 2390 dieo,
687 2342 766 2412 quae
782 2320 866 2391 mihi
880 2321 1020 2414 quidam
1033 2321 1129 2392 velut
1149 2321 1316 2414 templum
1331 2329 1404 2403 est;

286 2473 294 2480 “
329 2463 365 2526 et
379 2456 538 2527 mensula
552 2458 587 2527 in
602 2481 655 2539 ea,
673 2466 840 2552 tanquam
854 2483 918 2528 ana
935 2485 942 2529 ε
961 2461 1005 2530 ad
1019 2484 1124 2553 quam
1138 2459 1317 2541 sedentes
1336 2459 1405 2529 rite

328 2595 498 2666 iaciamus
511 2595 593 2666 huie
607 2596 720 2667 Divae.
743 2596 901 2691 Denique
919 2605 1021 2690 capto
1039 2597 1203 2667 etiamen
1220 2620 1263 2667 ea
1284 2620 1400 2667 omen.

377 2834 562 2911 Quodnam
579 2834 685 2906 illudi
705 2836 755 2907 ait
774 2836 944 2928 Langius.

379 2972 489 3053 Istud,
515 2973 670 3067 inquam.
693 2973 742 3043 Ut
763 2973 786 3043 ii
814 2974 873 3066 qui
898 2974 935 3043 in
961 2974 1108 3044 taberna
1130 2981 1328 3044 aromatum
1342 2982 1404 3042 aut

325 3120 584 3202 unguentorum
596 3111 774 3192 sederunt,
791 3112 826 3180 in
840 3096 997 3183 vestibus
1011 3113 1098 3205 ipsis
1112 3114 1269 3183 referunt
1283 3135 1400 3183 secum

325 3247 468 3318 odorem
486 3248 553 3319 leci
576 3273 583 3316 :
606 3249 656 3320 sie
674 3249 758 3319 mihi
776 3274 876 3342 spes
898 3260 936 3322 nt
953 3252 1085 3322 halitus
1111 3253 1238 3346 aliquis
1258 3252 1403 3345 Sapien-

323 3389 384 3459 tiae
398 3388 514 3460 animo
529 3389 762 3472 adhaerescat,
784 3391 828 3461 ab
847 3391 979 3463 insessa
996 3391 1063 3463 hac
1081 3393 1155 3484 ejus
1169 3391 1319 3463 officina.

371 3791 529 3882 Langius
548 3792 685 3877 ridens;
703 3794 839 3864 Vereor
854 3802 890 3864 ut
903 3794 939 3864 in
955 3802 1026 3865 tam
1044 3794 1113 3864 levi
1126 3794 1242 3865 omine
1259 3793 1398 3885 pondus

323 3930 381 4011 sit,
402 3930 539 4023 inquit:
558 3938 688 4014 tamen,
707 3933 818 4026 Lipsi,
840 3956 974 4005 eamus.
993 3935 1074 4005 Non
1089 3933 1182 4003 enim
1196 3930 1394 4003 dissimulo,

321 4093 376 4139 me
395 4093 531 4163 quoque
549 4072 678 4142 excitat
697 4081 731 4142 et
754 4072 829 4144 eale
841 4072 916 4164 jam
942 4073 1026 4144 facit
1047 4082 1119 4144 tam
1146 4073 1321 4165 ingenuus
1341 4072 1399 4142 hic

322 4206 440 4278 ardor.
458 4208 572 4301 Atque
587 4211 923 4303 utaquileges,eu1n
938 4235 1039 4282 mane
1054 4212 1199 4283 halitum
1212 4212 1399 4305 quemdam
