3262 5190
725 780 828 852 CAP.
856 780 905 850 X.

270 997 409 1074 Denique
422 996 619 1057 Ponitionem
631 995 730 1071 ipsam
745 993 850 1054 bonam
870 996 899 1052 el
914 991 1066 1053 salubrem
1079 1008 1138 1053 esse
1148 992 1197 1052 dei
1209 997 1351 1072 respectu,

555 1117 722 1182 lominum,
737 1120 765 1176 et
777 1116 842 1194 ejus
856 1113 910 1192 qui
923 1113 1064 1192 pellitur.

320 1312 367 1385 At
392 1313 528 1407 punitio
555 1312 600 1383 ed
627 1311 740 1383 malos
767 1318 915 1404 spectat,
945 1312 1060 1382 fateor
1090 1335 1096 1380 :
1131 1332 1202 1380 non
1233 1316 1352 1379 tamen

272 1453 378 1523 mala.

320 1593 422 1663 Bona
440 1592 533 1669 enim
552 1591 681 1684 primo,
711 1591 741 1661 si
761 1591 864 1660 deum
888 1589 1035 1683 respicis
1061 1615 1067 1660 :
1091 1589 1188 1682 cujus
1201 1589 1352 1682 justitiae

271 1736 406 1799 aeterna
431 1737 466 1801 et
492 1730 637 1810 immota
661 1729 719 1800 lex
745 1729 902 1822 postulat
920 1734 1066 1821 peccato
1083 1728 1265 1803 hominum
1291 1737 1354 1797 eut

272 1869 465 1950 emendari,
487 1876 548 1940 aut
565 1868 655 1941 tolli.
677 1868 873 1960 Castigatio
898 1875 1029 1949 cutem,
1051 1891 1130 1961 quae
1154 1867 1250 1938 ablui
1271 1890 1352 1960 pos·

271 2015 365 2091 sunt,
384 2009 572 2079 emendat:
595 2032 675 2102 qnae
694 2016 885 2102 nequeunt,
908 2007 1051 2078 Punitio
1069 2006 1175 2077 tollit.

320 2184 423 2253 Bona
441 2182 581 2264 iterum,
604 2182 633 2252 si
652 2183 813 2253 homines
836 2189 987 2275 spectes.
1009 2204 1157 2274 quorum
1176 2187 1273 2251 stare
1291 2187 1354 2250 ant
1436 2204 1439 2208 ’

272 2342 467 2412 perennare
486 2319 564 2390 haec
582 2319 733 2390 societas
752 2342 823 2388 non
841 2326 970 2411 potest,
993 2319 1023 2389 si
1042 2318 1206 2389 violentis
1224 2318 1353 2390 sceles-

274 2457 389 2550 tisque
406 2456 559 2548 ingeniis
578 2457 696 2526 omnia
715 2457 785 2527 sint
798 2456 954 2549 impune.
972 2456 1022 2526 Ut
1041 2455 1086 2526 ad
1104 2456 1280 2549 privatam
1294 2479 1352 2527 cu·

268 2597 395 2690 jusque
421 2596 659 2678 securitatem,
687 2595 817 2689 privati
841 2595 931 2666 suris
953 2602 1015 2666 aut
1040 2595 1160 2666 sicorii
1183 2594 1353 2689 supplicio

274 2759 361 2830 opus
379 2744 456 2807 est:
476 2735 527 2807 sic
545 2736 590 2806 ad
609 2735 800 2830 publicam,
819 2735 951 2807 illustri
970 2735 1090 2828 aliquo
1109 2742 1145 2805 et
1162 2734 1350 2805 communi.

273 2876 608 2949 Animadversiones
642 2877 722 2948 istae
756 2877 792 2947 in
823 2884 1010 2972 tyrannos,
1049 2884 1085 2947 et
1119 2875 1217 2946 orbis
1247 2882 1353 2946 terroe

272 3014 441 3096 latrones,
484 3014 672 3109 aliqnando
712 3014 948 3086 intervenient
982 3012 1167 3085 necessum
1207 3021 1272 3095 est,
1316 3021 1354 3083 ut

275 3152 435 3243 exempla
449 3152 519 3223 sint
538 3176 616 3245 quae
635 3153 860 3233 admoneant,

515 3304 588 3361 Εἶναι
615 3304 688 3374 δίκης
703 3304 850 3384 ὀφθαλμὸν,
868 3308 896 3369 ὃς
911 3309 943 3362 τὰ
957 3305 1032 3362 πάνθ’
1047 3308 1108 3385 ὁρᾷ.

275 3490 354 3561 queo
372 3468 451 3539 aliis
471 3469 613 3565 regibus
627 3470 836 3564 populisque
853 3469 1058 3549 inclament,

414 3627 526 3687 Discite
534 3628 660 3706 justitiet
674 3629 796 3698 monili,
813 3633 841 3685 ct
854 3645 918 3685 non
934 3633 1068 3685 lcnmere
1083 3625 1179 3683 divor.

325 3799 427 3869 Bona
444 3799 562 3879 tertio,
585 3798 615 3868 si
627 3821 689 3869 eos
710 3799 807 3891 ipsos
827 3805 963 3890 spectes
982 3797 1040 3890 qui
1055 3796 1259 3889 puniuntur.
1284 3796 1354 3864 Pro

276 3936 363 4029 ipsis
378 3936 482 4007 enim.
503 3935 585 4028 quia
603 3958 673 4006 non
687 3944 760 4006 tam
774 3935 861 4006 ultio
879 3935 956 4005 hoec
970 3943 1032 4005 out
1044 3932 1200 4004 vindicta
1213 3931 1355 4024 proprie

277 4082 344 4156 est,
366 4097 596 4168 necunquam
617 4073 807 4166 benignum
825 4073 912 4143 illud
931 4096 1059 4144 numen

497 4241 534 4280 nnc
550 4223 598 4280 iro
609 4241 720 4298 poenccs
734 4227 835 4297 petere
851 4221 971 4279 introibit
986 4239 1082 4280 occec.
