3262 5190
774 476 1001 540 -304-

328 679 442 727 nsum.
464 655 519 726 Ad
536 656 752 749 Sapientiam
766 664 989 740 convertere;
1011 679 1090 749 quae
1113 680 1228 727 mores
1247 658 1310 728 tibi
1328 634 1415 728 eor-⁹

327 794 433 885 rigat,
456 818 534 887 quae
553 796 707 866 animum
731 796 910 867 turbidum
933 795 1182 888 sordidumque
1200 795 1406 889 tranquillet

327 940 362 1004 et
377 933 541 1005 illustret.
561 935 626 1005 llla
636 942 701 1014 est,
720 958 798 1029 quae
815 935 1200 1028 virtutemimprimere‚
1218 958 1297 1028 qnae
1314 935 1404 1006 Con-

327 1072 495 1143 stantiam
506 1094 699 1166 suggerere
713 1080 849 1167 potest:
867 1073 928 1144 illa
947 1074 1035 1155 sola,
1058 1097 1136 1166 quae
1155 1074 1323 1166 templum
1341 1074 1403 1144 tibi

326 1212 465 1305 aperire
484 1214 595 1283 Bonae
611 1212 760 1284 Mentis.

773 1744 877 1817 CAP.
906 1747 953 1819 V.

323 1980 520 2062 Sapientiam
536 2000 593 2042 non
610 1982 749 2056 vovendo,
764 1982 815 2044 sed
830 1983 962 2044 coaorido
980 1983 1112 2059 acquiri,
1135 1981 1277 2042 Raditum
1296 1981 1329 2041 ia
1341 1997 1403 2041 rer-

364 2122 480 2165 monem
510 2105 546 2164 rte
567 2102 757 2165 Constantio.
785 2103 965 2183 Cupidinem
990 2104 1134 2171 discendi,
1158 2103 1265 2165 borram
1288 2120 1348 2164 esse
1368 2103 1401 2162 in

363 2226 563 2287 adolescentia
578 2226 714 2305 siquam.
1229 2212 1231 2216 '

374 2441 551 2512 Ardorem
567 2443 652 2513 mihi
667 2444 785 2536 injecit
798 2468 841 2514 ea
854 2444 1046 2516 admonitio
1060 2471 1066 2515 :
1081 2469 1182 2538 quem
1196 2468 1266 2515 non
1277 2443 1399 2515 celavi.

323 2589 371 2664 et,
389 2580 517 2653 Animo
535 2606 662 2676 sequor
676 2590 723 2665 te,
741 2584 921 2665 misenen,
938 2585 1081 2678 inquam
1099 2611 1106 2655 :
1125 2585 1264 2678 quando
1278 2584 1401 2657 factis‘t

325 2723 403 2817 quis
422 2722 489 2793 erit
511 2723 570 2794 ille
585 2723 672 2803 dies,
703 2723 763 2815 qui
781 2745 836 2793 me
854 2722 1005 2793 solutum
1023 2722 1079 2792 his
1097 2722 1191 2793 curis
1208 2722 1243 2791 in
1267 2724 1403 2816 sapien·

325 2863 387 2935 tiae
414 2887 509 2934 verae
536 2863 654 2935 orbita
683 2863 787 2934 sistat
798 2865 812 2934 ‘l
835 2863 893 2955 qui
912 2887 974 2956 por
993 2886 1071 2933 eam
1097 2863 1142 2932 ad
1159 2863 1401 2933 Constantiam

322 3004 451 3073 ducat't

373 3241 531 3333 Langius
549 3241 643 3311 velut
663 3241 863 3332 increpans,
895 3240 994 3309 Itane
1014 3261 1121 3309 voves
1140 3238 1276 3331 potius,
1297 3260 1400 3331 quam

321 3381 432 3452 facist
463 3380 587 3473 inquit.
618 3402 707 3449 vano
738 3401 882 3471 prorsus
909 3384 944 3448 et
974 3401 1017 3447 ex
1041 3399 1137 3447 more
1169 3374 1280 3467 vulgi.
1317 3375 1399 3443 Non

321 3520 426 3600 eninr,
444 3525 483 3590 ut
501 3520 649 3589 Caeneus
663 3518 722 3589 ille
736 3518 771 3586 in
785 3516 946 3587 fabulis&
964 3516 1107 3586 stamina
1120 3516 1155 3584 in
1170 3515 1283 3585 virum
1299 3520 1396 3583 tran-

321 3658 392 3737 siit,
414 3657 567 3749 optando
590 3680 597 3724 :
615 3655 665 3726 sic
680 3662 715 3725 tu
734 3655 837 3736 votis
859 3661 878 3725 ὸ
896 3655 992 3725 fatuo
1010 3655 1046 3722 in
1062 3653 1268 3746 sapientem,
1292 3650 1397 3720 elovi

321 3795 356 3864 in
371 3801 603 3864 constantem.
624 3793 745 3862 Atlrlas
759 3793 849 3864 istnc
868 3816 1010 3885 operam
1030 3798 1181 3885 oportet,
1201 3798 1235 3859 et
1250 3790 1398 3858 Manum

322 3917 476 4013 moveas,
498 3932 589 4025 qood
609 3931 718 4011 aiunt,
744 3955 813 4001 una
836 3955 912 4001 cnm
931 3931 1106 4001 Minerva.
1137 3929 1282 4007 Quaero,
1304 3926 1395 4017 lego,

322 4071 428 4142 disce.
