3262 5190
735 479 918 542 -986-

288 653 394 735 siste,
433 678 553 748 quaeso
583 664 637 737 te,
675 658 857 751 paululum
886 658 963 728 haec
997 656 1141 748 agmina
1168 656 1294 727 florum
1330 668 1364 729 et

287 801 489 885 augmenta.
516 794 594 864 vide
619 796 704 865 mihi
727 795 825 865 illum
853 801 872 866 e
895 795 1027 888 calyce,
1056 794 1190 864 hunce
1217 796 1358 886 vagina,

286 932 393 1001 alium
416 937 434 1001 e
456 955 595 1024 gemma
612 934 898 1026 protuberantem
917 959 924 1017 ;
947 933 1026 1003 vide
1044 933 1136 1003 hunc
1155 933 1360 1004 morientem

285 1070 414 1151 subite,
448 1071 555 1141 alium
586 1073 873 1156 subnascentem;
899 1072 1048 1164 denique
1072 1071 1204 1163 inspice
1230 1071 1265 1141 in
1290 1095 1360 1141 uno

284 1213 402 1306 aliquo
426 1236 556 1305 genere
586 1214 729 1294 cultum,
758 1214 920 1293 formam,
954 1213 1092 1294 faciem,
1121 1212 1216 1282 mille
1247 1212 1359 1282 modis

283 1322 384 1444 paria
402 1360 437 1422 et
454 1352 607 1423 diversa.
626 1353 713 1429 Quae
732 1351 884 1422 illatam
903 1351 1019 1443 rigida
1038 1372 1148 1431 mens
1171 1371 1249 1442 quae
1268 1349 1360 1418 iuter

282 1488 360 1559 haec
373 1512 442 1559 non
453 1489 571 1559 flectat
585 1513 623 1560 se
637 1467 734 1559 melli
747 1490 866 1583 aliqua
879 1489 1107 1581 cogitatione,
1120 1496 1155 1558 et
1169 1487 1357 1580 liquescat?

283 1631 364 1700 lam
380 1631 465 1701 ades
484 1631 621 1702 curiose
639 1639 677 1702 tu
691 1631 790 1701 ocule
812 1655 819 1699 :
838 1631 991 1722 defigere
1005 1629 1161 1722 paullum
1175 1630 1211 1698 in
1224 1629 1357 1698 nitores

281 1769 368 1839 istos
395 1778 430 1839 et
459 1770 652 1863 pigmenta.
670 1765 820 1862 ”inspice
845 1770 936 1840 hauc
962 1770 1118 1839 nativam
1144 1790 1353 1861 purpuram,

280 1905 372 1976 hunc
386 1905 606 1997 sanguinem,
620 1906 686 1977 hoc
696 1907 796 1989 ebur,
813 1906 904 1977 hauc
917 1907 1046 1987 nivem,
1057 1904 1147 1975 hanc
1161 1905 1352 1983 flammam,

279 2044 345 2115 hoc
359 2069 485 2115 aurum
507 2071 513 2116 :
537 2054 572 2116 et
592 2053 644 2116 tot
667 2047 816 2128 colores,
846 2070 933 2140 quos
957 2045 1085 2117 artifici
1108 2044 1231 2136 cuique
1257 2044 1354 2136 peni-

279 2181 359 2252 cillo
386 2183 546 2253 aemulari
563 2183 630 2252 fas,
652 2183 830 2265 aemulari,
852 2184 914 2253 sed
938 2205 1009 2252 uon
1028 2182 1174 2252 imitari.
1195 2181 1354 2273 Denique
1423 2189 1427 2196 '

278 2322 356 2413 quis
369 2321 539 2391 exhalans
549 2321 608 2390 ille
623 2322 729 2392 odori
744 2322 821 2414 quis
836 2330 1025 2415 penetrans
1040 2322 1205 2414 spiritual
1225 2328 1260 2390 et
1273 2343 1352 2390 nes·

278 2460 331 2528 cio
347 2482 425 2552 quae
438 2483 522 2553 pars
536 2460 703 2531 aethereae
713 2483 810 2533 aurae
824 2462 942 2532 inlusa
955 2464 1000 2532 ab
1014 2463 1108 2533 altol
1119 2463 1168 2533 Ut
1181 2485 1251 2532 nou
1263 2485 1353 2532 vane

277 2607 459 2691 poetarum
478 2608 602 2671 nostra
619 2624 707 2694 gens
725 2601 831 2673 flores
856 2604 1041 2697 plerosque
1068 2611 1171 2674 natos
1194 2603 1348 2685 finxerit,

276 2742 295 2808 e
315 2761 418 2810 succo
445 2747 507 2811 aut
526 2740 699 2833 sanguine
717 2741 969 2813 immortalium
988 2742 1146 2815 deorum.
1173 2741 1202 2811 Ο
1230 2741 1350 2832 gaudii

277 2886 312 2948 et
331 2878 474 2971 liquidae
494 2879 687 2973 voluptatis
707 2904 789 2951 vere
803 2881 906 2951 fonsl
926 2882 1138 2951 &Venarum
1156 2888 1191 2950 et
1210 2880 1351 2950 Gratia·

276 3040 353 3086 rum
367 3017 488 3089 sedes!
507 3019 590 3089 mihi
605 3021 642 3089 in
655 3020 783 3090 vestris
798 3020 1011 3089 umbraculis
1025 3020 1123 3112 quies
1141 3027 1176 3089 et
1189 3019 1262 3089 vita
1277 3020 1323 3089 sit
1340 3046 1346 3089 :

275 3152 359 3222 mihi
377 3152 431 3224 fas
449 3163 603 3238 remct0;
624 3164 725 3225 extra
743 3156 871 3227 civicos
886 3156 1068 3235 tumultus
1086 3156 1178 3226 inter
1191 3155 1256 3225 has
1270 3156 1349 3226 her-

245 3282 351 3373 'bas
385 3293 476 3362 inter
504 3293 569 3363 hos
595 3293 669 3363 noti
692 3292 874 3387 ignotique
903 3293 998 3364 orbis
1020 3292 1145 3374 flores,
1175 3294 1280 3364 hilari
1316 3306 1350 3364 et
1451 3351 1453 3356 .

273 3429 394 3501 hiante
412 3431 514 3501 oculo
532 3431 700 3502 oberrare
723 3455 729 3500 :
754 3440 789 3503 et
815 3434 919 3503 modo
938 3433 980 3503 ad
1007 3432 1100 3503 huuc
1118 3432 1345 3512 occidentem,

273 3571 439 3641 modoad
460 3572 558 3642 illum
577 3573 805 3654 exorientem,
827 3596 969 3643 manum
983 3573 1186 3665 vultumque
1200 3571 1347 3641 circum-

272 3712 388 3783 ferre:
411 3722 536 3784 etcum
555 3737 647 3806 vaga
665 3714 817 3807 quadam
831 3715 1092 3796 allucinatione,
1114 3736 1277 3783 curarum
1291 3713 1348 3783 hic

272 3850 426 3919 omnium
445 3851 519 3921 salli
534 3859 568 3922 et
586 3852 760 3925 labarum.
