3262 5190
719 473 904 536 -404-

273 657 423 749 gradum
446 655 516 747 figo
544 655 578 724 in
605 654 714 725 limite
738 655 851 747 magis
883 660 978 725 noto.
1008 652 1179 746 Displicet
1208 650 1357 721 Falerni

272 795 367 867 illius
386 795 599 866 austeritas?
620 794 721 865 melle
739 795 804 865 tibi
823 801 980 887 tempero
1000 792 1252 886 exemplorum.

323 1029 378 1101 Ad
399 1030 705 1123 Comparationem
728 1054 806 1102 ecoe
825 1033 926 1102 venio
949 1056 956 1102 :
978 1038 1013 1101 et
1033 1029 1217 1100 ostendam
1236 1027 1349 1107 clare,

275 1170 362 1240 nihil
381 1193 489 1262 grave
507 1179 569 1241 aut
586 1194 752 1263 magnum
771 1195 850 1242 esse
869 1171 904 1241 in
923 1171 991 1252 his,
1016 1192 1095 1263 quae
1115 1168 1267 1261 undique
1286 1166 1356 1237 oir-

275 1308 446 1388 oumfusa‚
470 1308 585 1388 malis,
614 1307 643 1378 si
668 1331 711 1378 ea
739 1308 878 1379 confers
904 1332 982 1379 eum
1009 1306 1177 1400 antiquis.
1213 1305 1357 1398 Majora

275 1447 367 1516 enim
387 1445 504 1516 multis
522 1445 694 1539 partibus,
716 1453 751 1516 et
771 1445 884 1537 magis
903 1444 1055 1515 dolenda
1068 1443 1165 1514 olim.

324 1732 402 1822 Ego
424 1730 564 1809 iterum,
592 1729 788 1822 etquidem
814 1729 1009 1823 impatienti
1036 1736 1152 1821 gestu.
1176 1728 1252 1797 Hoo
1270 1727 1351 1797 aial

279 1869 434 1961 inquam.

440 2101 499 2114 .....
526 2054 576 2111 Καὶ
590 2061 669 2111 τοῦτο
683 2051 833 2131 προσδοκᾶς
846 2053 941 2108 πείσειν
957 2052 1003 2127 ἐμέ
1013 2050 1053 2132 (¹)
1067 2071 1074 2119 ;

277 2260 477 2351 Numquam
509 2256 634 2347 Langi‚
670 2255 835 2349 quamdiu
866 2263 971 2347 caput
998 2255 1064 2325 hoc
1100 2255 1219 2326 sentit.
1254 2216 1356 2333 Quod

276 2398 368 2466 enim
388 2406 481 2466 retro
500 2418 626 2474 aevum,
648 2395 677 2464 si
696 2404 788 2464 recte
806 2394 1000 2474 examinas,
1020 2403 1091 2464 tam
1108 2394 1353 2465 calamitosum

276 2536 354 2614 luit,
371 2558 475 2629 quam
491 2535 557 2604 hoc
575 2544 733 2604 nostrum
753 2535 829 2604 estl
848 2542 910 2604 aut
923 2535 1016 2628 quod
1030 2535 1120 2605 erit‘l
1140 2535 1228 2611 Quae
1252 2556 1351 2626 gens,

277 2698 356 2768 quae
376 2674 474 2766 regio
487 2674 567 2744 tulit

440 2863 516 2922 Tum
539 2863 640 2922 tortello
657 2864 742 2922 dictu
761 2866 885 2939 provin,
904 2882 1053 2940 perpessu
1074 2883 1198 2940 aspero,

278 3083 382 3153 qoam
400 3045 504 3129 hodie
527 3083 590 3129 nos
614 3059 756 3151 Belgae?
782 3060 882 3129 Bello
905 3083 985 3132 ecoe
997 3060 1186 3152 jactamur,
1210 3083 1274 3130 neo
1295 3084 1354 3130 ex-

278 3209 379 3268 terno
405 3198 531 3275 solum,
562 3199 623 3266 sod
647 3198 760 3280 civili;
789 3222 853 3268 neo
877 3199 955 3280 hoo,
986 3202 1047 3271 sed
1068 3201 1247 3272 intestino,
1274 3202 1354 3271 Non

257 3324 258 3327 ¹
278 3336 371 3406 euim
389 3345 508 3428 partes
527 3334 639 3405 solum
660 3334 752 3406 iuter
767 3359 831 3407 nos
855 3347 937 3408 suut
958 3364 965 3410 :
993 3340 1055 3409 sed
1074 3341 1225 3434 partium
1244 3341 1276 3435 (ὁ
1295 3362 1355 3433 pa-

278 3475 348 3546 tria
366 3498 445 3568 quae
467 3475 571 3545 Salus
589 3483 623 3545 te
639 3478 791 3565 servetl)
811 3500 911 3548 novae
931 3487 1063 3571 partes
1086 3479 1187 3550 Adde
1205 3488 1352 3572 pestem,

278 3618 368 3688 adde
382 3617 528 3696 Famen,
546 3617 635 3686 adde
649 3618 811 3698 Tributa,
834 3619 988 3711 rapinas
1011 3620 1126 3690 cades
1148 3647 1154 3690 :
1178 3629 1212 3691 et
1234 3624 1355 3715 ἐχάτων

278 3757 389 3851 ἔχατον
407 3755 643 3850 tyrannidem,
664 3756 978 3851 oppressionesque
1001 3782 1069 3829 non
1094 3783 1279 3853 corporum
1298 3782 1356 3830 so·

277 3897 363 3976 lum,
381 3896 442 3965 sed
461 3895 669 3964 animorum.
686 3896 768 3966 Jam
786 3896 820 3965 in
839 3898 981 3991 Europa
1000 3899 1070 3969 alia
1084 3899 1189 3992 quidl
1209 3909 1271 3970 aut
1286 3901 1357 3971 bel-

278 4035 363 4113 lum,
381 4046 442 4104 aut
456 4032 537 4102 belli
551 4042 676 4104 metus.
694 4034 748 4104 vel
764 4034 791 4105 si
807 4057 893 4127 pax;
911 4059 988 4105 cum
1003 4036 1097 4106 soeda
1108 4037 1276 4109 servitute
1291 4039 1356 4109 sub

313 4237 343 4301 (¹)
362 4237 557 4300 Aristophane.
