3262 5190
727 459 908 522 -400-

277 648 340 730 riS,
353 654 465 716 totum
479 644 566 715 illud
576 643 785 717 ebibendum
800 642 862 713 tibi
878 644 935 713 sit.
949 640 1176 712 atsextarius
1192 663 1280 710 unus
1295 648 1359 710 aut

276 785 367 855 alter
393 783 606 855 suffecerint.
641 784 679 854 si
710 790 935 854 terraemotus
962 782 1079 852 subito
1106 787 1262 863 exortus,
1296 780 1355 872 qui

276 923 409 994 elamor
426 929 461 993 et
476 924 611 993 metusl
631 945 753 993 censes
772 930 883 993 totum
906 921 1084 1015 oppidum,
1107 919 1244 999 sinuat,
1265 918 1301 988 in
1320 925 1356 988 te

276 1084 452 1143 casurum,
474 1069 535 1132 aut
559 1068 653 1132 certe
680 1061 833 1132 domum.
864 1068 899 1131 et
926 1059 1041 1130 nescis
1059 1081 1164 1152 quem
1186 1057 1232 1127 ad
1258 1080 1355 1128 oere-

276 1200 377 1270 brum
392 1207 491 1270 tuum
505 1199 704 1270 elidendum
725 1199 812 1269 satis
831 1199 877 1270 sit
890 1222 981 1269 unus
996 1198 1122 1292 aliquis
1137 1197 1240 1290 lapis

326 1731 406 1801 Non
425 1731 529 1802 aliter
546 1731 582 1802 in
600 1732 768 1803 Cladibus
786 1731 866 1803 istis
888 1731 927 1803 fit
949 1757 956 1801 ε
979 1729 1166 1823 inquibus
1185 1726 1354 1821 strepitus

275 1855 451 1962 praecipue
477 1892 541 1940 nos
566 1877 689 1953 terret,
719 1878 754 1941 et
776 1870 969 1942 vanissima
995 1870 1112 1960 imago
1140 1890 1269 1938 rerum.
1298 1865 1354 1936 En
1425 1912 1428 1917 ·

276 2007 480 2078 satellitium
498 2007 603 2078 illud!
626 2032 669 2079 en
688 2008 844 2101 gladios!
868 2009 960 2086 Quid
984 2009 1043 2079 isti
1065 2005 1249 2100 satellites,
1270 2005 1353 2099 quid

275 2150 407 2242 gladii?
431 2151 513 2245 quid
540 2151 690 2223 facienti
718 2151 890 2222 occident.
918 2151 1010 2228 Quid
1037 2148 1187 2220 occisiol
1207 2146 1354 2240 simplex

276 2314 383 2364 mors.
406 2300 440 2362 et
458 2316 503 2362 ne
520 2316 648 2363 nomen
666 2293 780 2385 ipsum
799 2299 834 2363 te
854 2299 999 2373 terreat,
1016 2290 1144 2361 animae
1168 2292 1189 2358 a
1207 2298 1353 2380 corpore

272 2433 471 2505 abscessus,
493 2434 621 2505 Omnia
642 2434 705 2505 illa
727 2432 871 2526 agmina
886 2433 1050 2514 militum,
1071 2453 1193 2502 omnes
1214 2429 1266 2500 illi
1289 2428 1353 2499 mi·

275 2592 381 2641 nuces
403 2570 526 2663 gladii,
550 2570 680 2642 facient
698 2571 791 2641 idem
809 2570 901 2665 quod
917 2593 988 2640 una
1008 2568 1130 2650 febris,
1152 2566 1244 2661 quod
1262 2589 1353 2636 unus

275 2706 409 2791 acinus
430 2708 522 2801 quod
544 2732 634 2780 unus
652 2709 795 2780 vermis
819 2708 889 2780 Sed
916 2708 1009 2778 enim
1032 2707 1167 2777 durius.
1190 2707 1264 2777 lmo
1282 2729 1352 2777 non

274 2847 392 2941 paullo
406 2847 521 2919 lenius
539 2873 545 2918 :
564 2849 735 2941 siquidem
749 2847 857 2918 febris
870 2846 933 2917 illa
950 2868 1055 2940 quam
1069 2851 1261 2939 praeoptas,
1277 2851 1352 2916 toto

274 3009 367 3057 anno
397 2987 573 3058 hominem
600 3010 695 3080 saepe
721 2994 896 3080 torqueat,
931 2987 1002 3057 ictu
1028 2986 1085 3056 hic
1114 2993 1149 3057 et
1176 2992 1351 3056 momento

275 3125 497 3217 transigitur.

323 3502 420 3574 Bene
438 3502 548 3596 igitur
567 3504 745 3586 Socrates
767 3503 826 3599 qui
849 3504 926 3575 haec
943 3504 1062 3575 omnia
1079 3527 1149 3574 non
1167 3504 1270 3575 aliter
1288 3526 1349 3596 ap·

273 3641 405 3735 pellare
434 3642 559 3713 solitus
586 3664 689 3734 quam
718 3640 924 3734 μορμολύκεια
951 3642 1024 3714 sive
1042 3642 1173 3714 larvas.
1196 3642 1293 3719 Quas
1319 3641 1349 3711 si

273 3780 394 3862 sumiS,
422 3779 566 3851 videsne
592 3779 766 3872 quomodo
796 3778 896 3872 pueri
923 3787 957 3851 te
982 3780 1139 3872 fugiant?
1170 3781 1233 3852 sed
1258 3802 1349 3873 pone

272 3917 426 3999 easdem,
448 3924 483 3987 et
500 3940 585 3987 vera
610 3916 699 3987 faeie
726 3929 760 3988 te
789 3918 947 4001 ostende,
969 3919 1136 3989 accedent
1161 3918 1289 3989 iterum
1314 3926 1349 3989 et

271 4056 539 4150 amplectentur.
563 4056 659 4126 Idem
677 4055 713 4126 in
728 4057 805 4128 istis
824 4082 831 4128 :
853 4081 932 4151 quae
952 4059 981 4130 si
1000 4059 1168 4130 detractis
1187 4058 1348 4152 personis

271 4201 306 4264 et
321 4194 396 4265 sine
414 4218 541 4287 pompa
555 4194 689 4277 videas
707 4194 865 4266 timuisse
879 4205 913 4268 te
932 4197 1076 4269 fatearis
1091 4198 1251 4269 timorem
1264 4221 1348 4291 pue·
