3262 5190
727 450 911 512 -ao-

278 638 353 716 bat,
375 634 454 728 quis
475 633 541 704 scit
563 656 607 703 an
631 633 665 703 in
689 641 860 704 aeternam
879 633 1105 704 servitutem?
1128 633 1237 703 Certe
1256 633 1388 704 servi·
1425 704 1437 723 ‚

279 783 403 846 tutem.
429 773 527 866 cujus
552 773 740 865 vestIgium
761 773 842 865 jure
860 772 1022 865 gratulor
1047 794 1118 842 non
1142 770 1270 853 fuisse,
1300 795 1385 843 non

280 937 358 986 esse
377 913 504 993 adhuc,
526 913 561 982 in
580 911 783 983 Christiano
802 910 900 982 orbe.
922 911 1049 981 Turcae
1069 932 1154 980 sane
1172 918 1380 1003 usurpant.

280 1075 344 1123 nec
367 1050 463 1121 aliud
485 1058 539 1120 est
564 1049 656 1143 quod
680 1049 792 1140 magIs
815 1049 965 1120 invisum
993 1056 1028 1119 et
1046 1048 1241 1120 terribilem
1261 1049 1383 1120 uobis

280 1191 405 1261 reddat
417 1189 627 1283 Scythicum
646 1188 743 1258 illum
763 1188 992 1260 dominatum.

677 1716 782 1787 CAP.
813 1716 954 1787 XXIII.

275 1939 377 1999 Pestis
393 1936 559 2016 Frenaque
567 1937 676 2013 prisce
690 1936 828 2016 insignia
844 1936 976 1996 macinae
991 1934 1136 2015 exempla.
1154 1935 1224 1997 ilem
1246 1935 1384 2001 Trite.

461 2063 562 2120 torum
581 2057 759 2138 nrapailudo
774 2074 841 2136 qaoe
857 2056 930 2117 oliui
945 2060 973 2116 et
987 2057 1179 2136 rupInarum.

325 2264 373 2335 At
396 2272 434 2335 tu
462 2265 580 2357 pergis
607 2265 642 2333 in
665 2266 821 2358 querela.
852 2274 888 2334 et
918 2264 1059 2334 Pestom
1083 2261 1189 2332 etiam
1219 2260 1368 2334 adtexis

276 2403 490 2495 Famemque
517 2430 523 2473 :
555 2404 705 2473 'I'ributa
730 2412 765 2474 et
795 2403 968 2495 Rapinas
990 2402 1055 2471 Vis
1082 2401 1190 2493 igitur
1215 2401 1369 2494 singula

276 2541 539 2631 comparemus?
559 2540 621 2610 sed
638 2540 803 2610 breviter.

324 2786 388 2857 Dic
411 2785 495 2855 mihi
515 2793 598 2878 quot
617 2786 727 2856 millia
747 2786 863 2857 Pestis
882 2786 917 2855 in
937 2794 1013 2856 tota
1033 2785 1179 2877 Belgica
1193 2784 1360 2867 abstulit,

273 2924 328 2994 his
347 2925 499 3017 quinque
513 2933 575 2994 aut
588 2946 649 2993 sex
664 2925 788 2995 annisi
807 2925 941 3018 Opinor
956 2925 1223 3019 quinquaginta,
1242 2932 1305 2996 aut
1321 2935 1363 2997 ut

273 3062 433 3154 largiter,
463 3063 574 3133 millia
598 3070 750 3133 centum.
773 3065 819 3134 At
846 3088 916 3134 una
942 3065 977 3134 in
999 3066 1127 3136 Iudaea
1152 3064 1263 3158 pestis
1290 3065 1361 3136 sub

275 3200 410 3269 llavide
441 3222 537 3291 rege,
570 3207 795 3288 septnopinta
828 3209 939 3271 millia
970 3202 1161 3296 absorpsit,
1197 3202 1253 3272 (lie
1284 3227 1359 3275 non

274 3345 361 3410 totu.
385 3338 456 3409 Sub
480 3339 582 3410 Gallo
601 3348 636 3410 et
650 3340 845 3412 Volusiano
868 3344 1155 3437 Inrperatoribus,
1180 3342 1297 3435 pestis¹
1309 3344 1359 3417 ab

272 3476 456 3570 AEthiopia
475 3477 651 3560 exoriens
673 3501 794 3549 ornnes
813 3480 996 3551 Romanas
1014 3480 1213 3574 provincias
1227 3502 1356 3573 perva·
1423 3540 1426 3545 .

273 3616 330 3698 sit,
360 3624 394 3687 et
422 3641 487 3710 per
512 3617 709 3710 quindecim
740 3619 923 3690 continuos
956 3644 1068 3691 annos
1097 3618 1358 3691 incredibiliter

273 3755 449 3827 exhausit.
471 3758 546 3826 Nec
561 3757 630 3827 alia
646 3781 810 3850 umquam
830 3756 939 3850 major
954 3758 1029 3827 lues
1045 3756 1128 3827 mihi
1144 3757 1248 3840 lecta,
1270 3780 1355 3851 spa-

271 3894 321 3963 tio
341 3903 549 3985 temporum,
569 3895 641 3963 sive
661 3903 849 3966 terrarum.
873 3894 1020 3966 Saevitia
1035 3904 1152 3967 tamen
1170 3904 1205 3968 et
1218 3896 1354 3991 impetu

273 4030 445 4122 insignior
459 4031 521 4100 illa
539 4054 618 4124 quae
642 4032 802 4126 Byzantii
820 4033 1045 4128 finitimisque
1063 4034 1149 4105 locis
1167 4042 1349 4127 grassata,

272 4172 293 4241 J
299 4171 473 4241 ustiniauo
490 4169 664 4263 Principe.
687 4170 851 4261 cujusvis
870 4180 981 4253 tanta,
1000 4183 1037 4243 ut
1052 4173 1086 4243 in
1102 4173 1260 4265 singulos
1273 4173 1353 4247 dIcs
