3262 5190
796 473 981 535 —356-

347 657 462 727 turba.
485 655 576 733 Quid
594 655 703 725 habes
721 655 812 748 quod
839 641 995 747 opponas
1014 655 1094 726 huie
1116 656 1209 726 telot
1229 657 1321 748 quod
1346 680 1424 727 sou-

348 802 421 863 tum
456 799 517 863 aut
543 816 621 886 quae
648 796 765 863 armat
798 793 826 863 si
854 816 975 863 verum
1005 793 1108 863 fateri
1138 793 1204 873 vio,
1238 794 1424 885 imperitiae

347 931 523 1002 humanae.

397 1169 478 1238 Non
497 1167 610 1261 capio,
633 1167 699 1248 ais
722 1191 784 1238 eur
798 1168 834 1238 hi
853 1169 1056 1261 puniantur,
1078 1169 1113 1238 hi
1129 1193 1199 1240 non
1218 1170 1420 1263 puniantur.

271 1408 274 1412 ι
349 1306 445 1376 Bene
476 1296 594 1376 habet.
633 1328 763 1397 ergone
794 1307 839 1376 ad
870 1307 1141 1400 imprudentiam
1172 1307 1424 1400 impudentiam

348 1444 541 1536 adjunges?
563 1451 597 1514 et
619 1444 688 1513 vim
712 1444 821 1514 divini
844 1445 939 1515 illius
965 1446 1112 1538 purique
1130 1445 1223 1539 juris
1250 1445 1332 1536 quia
1356 1467 1424 1513 non

348 1583 457 1675 capis,
486 1584 631 1676 carpes?
660 1583 747 1660 Quae
776 1590 890 1677 potest
916 1592 1040 1654 contra
1059 1583 1235 1676 justitiam
1264 1581 1426 1675 injustior

348 1745 426 1792 esse
441 1722 550 1792 ratio?
567 1722 603 1793 Si
618 1722 747 1814 hospes
757 1721 884 1815 aliquis
895 1721 1063 1792 arbitrari
1077 1721 1175 1813 leges
1190 1730 1251 1791 aut
1264 1720 1426 1791 instituta

348 1863 474 1956 patriae
494 1872 563 1933 tuae
582 1862 677 1943 velit,
700 1863 805 1933 silere
828 1886 905 1932 eum
925 1862 1052 1954 jubeas
1079 1872 1113 1932 et
1133 1861 1321 1942 facessere,
1343 1859 1425 1953 quia

346 2023 417 2071 non
439 2001 533 2094 capit
566 2027 572 2070 :
603 2010 640 2071 tu
666 2007 772 2071 terrae
799 2000 902 2093 hujus
929 2000 1056 2080 incola,
1083 2008 1215 2070 temere
1241 1998 1425 2068 damnabis

346 2143 486 2235 ignotas
501 2142 580 2213 ooeli
595 2143 714 2234 legest
734 2151 771 2212 tu
789 2165 877 2234 opus
896 2142 1133 2211 conditorem?
1150 2142 1195 2211 Et
1208 2151 1325 2209 tamen
1341 2161 1421 2231 age,

346 2284 463 2355 liceat.
481 2308 637 2377 premam
658 2293 692 2354 te
711 2285 802 2354 onim
820 2283 894 2376 jam
914 2285 1070 2376 propius
1093 2292 1128 2354 et
1146 2272 1331 2354 calumniae
1352 2291 1424 2354 tuae

347 2423 494 2493 nebulas
518 2423 681 2494 distincto
707 2424 914 2494 examinabo
942 2426 986 2494 ad
1006 2425 1167 2504 rationis,
1194 2436 1231 2496 ut
1249 2426 1419 2519 postulas.

349 2560 470 2631 solem.

397 3111 481 3179 Tria
496 3110 629 3202 objicis.
643 3110 734 3203 quod
750 3110 861 3180 malos
876 3133 942 3178 non
959 3111 1082 3201 puniat
1099 3137 1104 3180 :
1123 3111 1215 3203 quod
1229 3111 1422 3181 immeritos

346 3247 470 3338 puniat
483 3273 490 3330 ;
512 3247 605 3338 quod
620 3247 810 3317 substituat
824 3254 858 3317 et
872 3257 1074 3319 commutet.

397 3507 449 3576 De
467 3507 592 3600 primu,
612 3509 721 3602 prius.
743 3510 872 3590 Meloe,
893 3511 958 3590 ais
977 3510 1095 3580 divina
1115 3512 1200 3581 ultio
1220 3510 1311 3581 male
1331 3533 1422 3603 praa·

346 3646 441 3717 terit.
460 3648 559 3718 Itane
572 3649 752 3740 praeteriti
768 3649 850 3727 imo,
868 3658 907 3719 ut
921 3672 986 3742 ego
1002 3649 1127 3730 sentia,
1149 3648 1278 3719 differt.
1297 3648 1333 3718 Si
1349 3671 1422 3718 nra-

345 3806 451 3873 gnum
479 3807 530 3855 aes
556 3785 709 3855 alienum
735 3786 897 3869 habeam,
920 3796 954 3858 et
970 3789 1013 3858 ab
1034 3788 1093 3857 illo
1119 3787 1277 3857 debitore
1303 3786 1421 3856 statim

323 3924 498 4025 exigam,
524 3925 605 3996 huic
625 3927 659 3996 in
684 3927 774 3997 diem
802 3952 968 4022 reponam
992 3955 998 3999 :
1022 3929 1103 4022 quid
1122 3929 1263 4022 culpes?
1283 3928 1421 3999 arbitrii
1480 3915 1484 3921 ⁵

347 4066 438 4137 enim
458 4067 523 4137 hoo
537 4076 630 4138 certe
651 4069 716 4138 mei
731 4078 765 4139 et
779 4072 926 4163 spontis.
945 4071 1051 4164 Atqui
1067 4071 1159 4141 idem
1174 4071 1257 4142 saoit
1272 4093 1422 4163 magnus

345 4202 404 4271 ille
423 4204 521 4284 deus
544 4204 597 4273 eui
621 4186 697 4274 cum
718 4228 856 4298 poenam
883 4208 1032 4300 improbi
1051 4232 1171 4278 omnes
1191 4209 1354 4290 debeant,
1377 4210 1421 4280 ab
