3262 5190
798 483 983 545 -lbl-

353 663 522 759 hominis,
551 663 601 735 sic
629 663 708 758 ipsa
737 664 857 735 anima
879 670 946 740 est.
973 662 1090 734 Graeci
1108 684 1186 732 eam
1201 663 1280 728 Noun
1294 661 1427 744 dixere,

355 804 473 874 Latini
491 804 659 886 Mentem,
678 810 738 875 aut
752 804 858 875 etiam
870 802 1019 896 junctim
1032 800 1150 872 Animi
1168 807 1332 872 mentem.
1349 800 1432 872 Non

354 942 448 1012 enim
465 949 541 1013 tota
558 943 688 1024 anima,
711 965 753 1012 ne
768 941 925 1023 aberres,
942 946 1041 1011 recta
1059 939 1149 1009 ratio
1163 945 1217 1009 est
1234 963 1241 1008 :
1264 938 1325 1009 sed
1339 941 1433 1031 quod

355 1081 391 1151 in
405 1104 448 1151 ea
465 1080 650 1160 uniforme,
673 1079 834 1173 simplex,
854 1077 1064 1158 immixtum,
1091 1082 1264 1147 secretum
1279 1076 1324 1147 ab
1338 1078 1433 1148 omni

354 1218 441 1290 saece
459 1224 494 1289 et
510 1218 670 1289 lentore:
692 1216 867 1310 quodque,
885 1223 923 1286 ut
936 1215 1043 1286 verbo
1063 1214 1189 1297 dicam,
1207 1215 1384 1287 sidereum
1397 1217 1434 1287 in

355 1380 398 1427 ea
416 1363 452 1428 et
469 1357 625 1428 coeleste.
646 1356 740 1427 Nam
762 1355 841 1448 ipsa
863 1354 994 1436 anima,
1023 1376 1235 1448 quamquam
1251 1354 1332 1426 labe
1356 1376 1432 1426 cor-

354 1494 451 1588 poris
474 1503 509 1566 et
530 1500 679 1586 contage
702 1515 868 1564 sensuum
890 1491 1049 1584 graviter
1067 1499 1234 1585 corrupta
1251 1499 1286 1564 et
1302 1492 1434 1564 infecta

355 1633 401 1704 sit
426 1659 433 1704 :
455 1641 573 1704 tamen
591 1632 742 1725 vestigia
760 1601 928 1726 quaedam'
942 1639 1052 1703 ortus·
1066 1631 1121 1702 sui
1144 1631 1216 1702 alte
1233 1632 1375 1715 retinet,
1397 1640 1432 1704 et

356 1772 451 1844 clare
474 1773 510 1842 in
535 1795 578 1843 ea
603 1772 836 1843 scintillantes
857 1770 1015 1864 reliquiae
1040 1769 1144 1863 primi
1165 1770 1261 1841 illius
1286 1771 1434 1866 purique

356 1910 462 2002 ignia.
485 1894 579 1982 Hinc
595 1910 654 1980 isti
672 1910 779 1981 etiam
801 1910 838 1979 in
859 1909 961 1980 malis
980 1908 1214 2003 projectisque
1233 1907 1434 1981 hominibus

356 2047 581 2120 conscientiae
600 2047 732 2120 stimuli
754 2074 761 2119 :
783 2048 865 2119 hine
880 2047 1024 2140 flagella
1048 2047 1189 2118 interna
1206 2054 1241 2118 et
1263 2070 1401 2120 morsus
1423 2075 1430 2119 :
1539 2053 1543 2059 '

357 2186 438 2258 hinc
463 2189 671 2281 approbatio
697 2189 853 2260 melioris
879 2188 963 2258 vitae
990 2195 1129 2259 extorta
1156 2187 1288 2259 invitis.
1315 2188 1434 2259 Premi

357 2326 490 2397 scilicet
509 2327 629 2398 sanior
646 2328 708 2398 illa
729 2329 953 2422 sanctiorque
971 2351 1054 2421 pars
1072 2335 1201 2421 potest,
1227 2351 1298 2399 non
1319 2335 1435 2421 potest

358 2464 520 2557 opprimi,
537 2473 572 2536 et
590 2465 662 2557 tegi
682 2489 786 2537 urens
804 2467 866 2537 illa
884 2467 1038 2547 flamma,
1060 2489 1129 2537 non
1148 2466 1319 2558 extingui.
1340 2467 1436 2538 Emi·

344 2609 440 2691 —cant
459 2602 551 2673 enim
569 2625 707 2697 semper
725 2604 983 2697 subsiliuntque
1000 2603 1052 2673 illi
1070 2602 1227 2695 igniculi,
1250 2602 1309 2697 qui
1327 2602 1363 2673 in
1381 2602 1437 2675 his

284 2844 293 2861 ἱ
357 2738 512 2810 tenebris
537 2739 729 2822 illustrant,
759 2741 796 2811 iu
818 2740 873 2812 his
898 2740 1062 2811 sordibus
1085 2740 1298 2834 depurgant,
1320 2741 1356 2812 in
1381 2741 1436 2813 his

356 2875 565 2968 ambagibus
583 2876 754 2970 dirigunt,
777 2885 812 2949 et
830 2879 876 2949 ad
896 2878 1141 2949 Constantiam
1155 2878 1288 2950 ducunt
1301 2888 1336 2951 et
1354 2881 1435 2950 Vir·

355 3023 478 3086 tutem.
495 3014 610 3110 Atque
625 3025 663 3087 ut
677 3016 937 3108 heliotropium,
955 3024 990 3087 et
1003 3017 1108 3087 flores
1123 3017 1278 3110 quidam,
1291 3017 1436 3111 iugenio

357 3176 421 3224 suo
436 3176 573 3246 semper
581 3155 626 3225 ad
639 3155 749 3226 solem
765 3181 771 3225 :
788 3156 839 3226 sic
852 3156 961 3226 Ratio
976 3156 1021 3225 ad
1035 3157 1137 3226 deum
1152 3156 1378 3240 obversaest,
1401 3167 1437 3230 et

355 3290 528 3385 originem
546 3293 613 3364 sui.
631 3293 754 3363 Firma
774 3293 810 3362 in
830 3293 921 3364 bono
944 3302 979 3364 et
1003 3294 1149 3366 immota
1170 3320 1177 3365 ε
1202 3319 1307 3366 unum
1326 3296 1436 3367 idom·

355 3452 422 3523 que
447 3431 601 3502 sentiens
630 3455 637 3501 :
663 3454 772 3502 unum
798 3432 959 3526 idemque
982 3441 1151 3525 appetens
1170 3443 1231 3504 aut
1254 3435 1395 3526 fugiens
1426 3461 1432 3506 :

356 3568 442 3640 recti
456 3568 604 3651 consilii,
626 3569 712 3641 recti
719 3569 845 3662 judieii
860 3570 938 3641 fons
954 3580 988 3641 et
1002 3572 1195 3662 scaturigo.
1215 3573 1279 3643 Cui
1294 3596 1432 3667 parere,

354 3707 529 3802 imperare
542 3716 597 3780 est
613 3735 620 3780 :
637 3718 672 3780 et
686 3709 821 3802 subjici,
840 3733 996 3803 praeesse
1012 3710 1117 3781 rebus
1132 3711 1294 3782 omuibus
1311 3711 1435 3814 huma-

357 3853 425 3923 nia
438 3849 582 3921 Domuit
591 3849 684 3920 enim
693 3850 874 3943 cupidines
888 3859 923 3921 et
933 3850 1168 3922 exuberantes
1182 3850 1290 3921 animi
1305 3858 1433 3941 motus,

305 4013 314 4036 ¹
356 3988 514 4084 quisquis
535 3987 627 4058 hanc
648 3986 787 4058 audiit:
811 3995 846 4059 et
872 3987 908 4058 in
930 3988 1093 4059 omuibus
1111 3988 1195 4059 vitae
1220 3988 1436 4084 labyrinthis

356 4136 454 4202 tutus
472 4127 518 4230 ab
535 4149 667 4208 errore,
689 4126 748 4220 qui
766 4127 857 4198 hanc
877 4128 1036 4221 sequitur
1056 4135 1092 4199 ut
1113 4128 1303 4200 Theseiurn
1322 4128 1432 4200 filum.

356 4270 454 4343 Deus
478 4267 638 4366 ipseper
663 4266 755 4342 hauc
784 4267 837 4340 sui
863 4267 1052 4362 imaginem
1076 4268 1121 4340 ad
1149 4292 1214 4341 nos
1236 4268 1344 4352 venit,
1366 4266 1435 4339 imo
