3262 5190
732 786 836 858 CAP.
862 788 962 858 XIV.

329 1020 447 1082 Deinde
461 1027 610 1084 ostensum
620 1023 728 1102 plores
741 1040 800 1084 esse
817 1024 944 1085 Poros:
959 1027 987 1084 et
998 1022 1146 1103 quosdam
1165 1017 1304 1083 Occultos
1316 1019 1411 1080 inter*

368 1159 492 1219 nosque,
500 1161 566 1223 quo
577 1145 673 1207 scelos
686 1145 985 1223 {promeritorium
995 1149 1023 1205 et
1031 1141 1244 1224 quotimprobi
1253 1141 1409 1221 efficorent

368 1280 538 1343 reunquom.
554 1281 619 1343 que
632 1268 789 1345 proniores
804 1265 979 1344 quamcito
994 1270 1135 1326 esterno.

379 1511 468 1587 Quae
486 1518 605 1582 temen
623 1521 663 1582 ut
680 1512 811 1583 clarius
832 1512 965 1606 capias
986 1518 1021 1582 et
1042 1510 1150 1581 semel
1172 1518 1208 1581 te
1229 1509 1354 1580 ducam
1372 1507 1409 1577 in

328 1672 445 1721 arcem
461 1650 573 1744 ipsam
594 1650 697 1745 hujus
715 1674 867 1733 caussae,
888 1650 954 1721 hoc
969 1649 1163 1731 sciendum,
1181 1647 1337 1742 triplices
1355 1646 1408 1718 di-

328 1787 429 1859 vinas
443 1812 522 1860 esse
536 1812 659 1883 poenas
677 1817 684 1860 :
703 1790 879 1871 internas,
898 1791 1098 1871 PostumaS,
1117 1789 1305 1880 Externos.
1324 1786 1409 1856 Illas

327 1927 465 2021 appeio,
483 1928 576 2006 Qum
589 1952 732 2002 nuruum
750 1953 930 2013 concurr,
948 1953 1012 2002 sun
1030 1950 1150 2002 nnuuc
1172 1951 1209 1998 uu
1227 1946 1405 1999 conrosn.

326 2065 378 2136 uti
393 2074 475 2138 sunt
493 2089 659 2159 angores,
677 2068 899 2161 poenitentia,
917 2074 1044 2147 metus,
1062 2073 1097 2137 et
1114 2063 1409 2137 conscientiarum

328 2202 423 2274 mille
442 2227 594 2275 morsus,
615 2203 769 2287 Alteras,
792 2206 885 2283 Qum
910 2229 1060 2277 nunnuu
1083 2226 1240 2285 nuruum,
1268 2223 1332 2274 sun
1356 2224 1409 2271 nr-

327 2363 452 2413 anuu
466 2364 535 2412 unu
552 2365 631 2413 nrn
649 2366 815 2414 oonroruc
832 2366 1054 2415 nssuuncruu.
1065 2342 1115 2412 uti
1128 2363 1244 2435 poenae
1257 2363 1309 2411 eee
1328 2345 1410 2410 sunt

328 2499 429 2569 quas,
447 2485 561 2548 morte
575 2478 685 2560 obita,
703 2480 872 2551 scelestos
888 2503 1030 2552 manere
1048 2480 1153 2551 etiem
1168 2485 1187 2549 e
1200 2478 1326 2572 priscis
1339 2476 1410 2547 illis

328 2616 489 2711 plerique
506 2639 578 2688 non
591 2640 681 2689 vane
702 2625 785 2688 sunt
799 2618 966 2711 suspicati
996 2617 1045 2689 At
1063 2617 1200 2700 tertias,
1217 2617 1310 2695 Qum
1324 2637 1410 2688 con*

328 2777 394 2826 rus
408 2777 588 2836 rnuounr,
606 2778 675 2827 nur
690 2777 773 2832 QuAE
787 2777 892 2826 crncn
907 2778 1026 2826 rnnun.
1045 2761 1083 2826 ut
1096 2761 1299 2848 paupertas,
1316 2753 1409 2824 exsi-

234 2936 241 2941 -
327 2889 427 2973 lium,
445 2890 559 2973 dolor,
582 2890 708 2972 morbi,
730 2897 875 2988 mortes
894 2891 941 2962 Et
959 2897 1013 2962 est
1031 2891 1170 2985 quidem
1188 2891 1406 2984 plerumque,

327 3036 366 3101 ut
378 3053 431 3102 eae
449 3054 570 3101 omnes
582 3030 680 3123 justo
699 3031 849 3124 quodem
864 3031 928 3101 Dei
937 3031 1069 3124 judicio
1088 3031 1124 3101 in
1143 3031 1269 3125 impios
1283 3055 1409 3103 conve-

328 3169 427 3240 niant
444 3194 451 3239 :
474 3175 568 3239 certe
579 3168 719 3261 quidem
734 3167 870 3262 priores
886 3167 966 3237 duae
982 3190 1132 3261 semper.
1329 3149 1331 3154 ’

380 3894 429 3963 Ut
447 3893 490 3963 de
504 3893 657 3965 Internis
675 3895 789 3966 dicam
811 3921 817 3966 :
845 3896 923 3989 quis
940 3895 1000 3966 ille
1019 3919 1173 3989 unquam
1185 3904 1259 3967 tam
1274 3894 1408 3991 projec-

329 4039 386 4101 tus
408 4031 452 4101 ad
471 4054 573 4102 omne
595 4033 707 4113 nefas,
728 4031 787 4125 qui
812 4057 882 4105 non
909 4033 1006 4105 acria
1025 4035 1187 4128 quaedam
1211 4032 1354 4126 flagella
1371 4033 1406 4103 in

330 4170 447 4241 animo
467 4178 502 4242 et
523 4171 619 4243 velut
637 4173 727 4244 ictus
746 4174 907 4256 senserit,
930 4174 1003 4245 sive
1028 4174 1063 4245 in
1081 4174 1239 4245 faciendo
1259 4173 1403 4255 scelere,
