3262 5190
729 514 764 526 -
791 480 914 542 386-

281 682 387 729 unum
405 684 411 729 :
431 682 537 729 unum
551 660 633 730 item
652 659 853 731 Romanum
871 660 1069 754 imperium.
1086 662 1107 731 J
1112 685 1186 732 ure.
1205 663 1357 733 vinclum

280 800 373 870 onim
403 799 578 893 quoddam
609 807 663 870 est
693 807 728 870 et
755 799 872 891 legum
897 798 1058 894 jurisque
1086 801 1250 884 societas,
1279 825 1359 896 quae

232 995 240 1013 t
280 964 410 1034 magna
435 965 584 1035 corpora
604 943 682 1013 haeo
705 942 795 1035 ligat
827 968 833 1013 :
864 941 1050 1036 efficitque,
1073 949 1111 1014 ut
1137 943 1244 1014 etiam
1267 945 1359 1016 inter

281 1104 358 1151 aevo
385 1081 541 1163 dissitos,
571 1082 768 1153 communio
798 1081 960 1175 quaedam
992 1082 1038 1152 sit
1068 1083 1294 1175 praemiorum
1324 1092 1359 1154 et

287 1244 484 1314 poenarum.
507 1222 629 1315 Itaque
644 1221 826 1314 Scipiones
841 1221 924 1292 olim
939 1221 1044 1292 bonit
1063 1222 1157 1314 apud
1179 1222 1358 1293 coelestem

279 1362 378 1432 illum
390 1361 545 1456 judicem
563 1362 716 1454 posteris
734 1361 769 1432 id
788 1384 926 1455 quoque
940 1361 1065 1454 prosit.
1084 1362 1197 1432 otalii
1216 1372 1354 1434 noceat.

279 1501 402 1594 Belgae
429 1510 512 1572 ante
538 1524 651 1572 annos
677 1500 811 1594 aliquot
835 1500 970 1582 lascivi,
1002 1500 1114 1581 avari,
1141 1499 1261 1593 impiit
1293 1523 1358 1571 nos

279 1639 429 1712 luamus.
447 1640 531 1733 quia
543 1640 578 1708 in
598 1646 745 1710 externa
761 1639 856 1710 omni
873 1639 1056 1732 punitione
1069 1640 1165 1710 Deus
1176 1663 1247 1710 non
1266 1663 1357 1733 prae·

280 1778 395 1849 sentia
413 1779 526 1849 solum
545 1778 707 1871 adspicit,
725 1778 787 1849 sed
805 1778 988 1871 praeterita
1006 1778 1112 1849 etiam
1130 1778 1274 1872 respicit
1294 1804 1301 1849 ε
1324 1788 1358 1849 et

279 1917 385 1988 dudm
399 1917 525 1989 horum
540 1926 738 2012 temporum
751 1918 938 1989 momentis
951 1925 1124 2011 temperat
1136 1918 1359 2012 aequabiliter

272 2056 423 2148 justitiae
443 2079 518 2128 sum
536 2056 684 2127 lancem.

329 2293 423 2372 Dixi,
447 2302 595 2363 externa
622 2293 816 2385 punitione.
845 2302 880 2365 et
897 2293 1000 2363 velim
1023 2303 1137 2364 notes,
1160 2294 1240 2363 Non
1264 2293 1354 2363 enim

279 2431 391 2522 culpae
413 2431 499 2522 ipsae
518 2430 791 2513 transferuntur,
809 2439 870 2501 aut
888 2431 1071 2501 criminum
1091 2431 1253 2523 quaedam
1275 2454 1355 2501 oon·

278 2568 369 2638 fusio
396 2568 435 2637 fit
459 2593 465 2638 :
490 2568 618 2639 abest:
642 2570 703 2639 sed
723 2593 838 2663 poenae
853 2567 888 2664 (¹)
912 2570 1095 2641 dumtaxat
1113 2571 1187 2641 sive
1207 2571 1357 2663 castiga-

277 2707 391 2778 tiones
417 2708 580 2801 quaedam
608 2709 702 2780 circa
721 2732 786 2780 nos
807 2709 887 2780 istae
906 2719 1000 2792 sunt,
1022 2711 1146 2781 nonin
1170 2710 1272 2782 nobis
1293 2737 1300 2782 :
1322 2720 1357 2782 et

278 2849 322 2918 ad
339 2872 399 2918 cor
416 2871 504 2941 pora
523 2857 585 2919 aut
602 2872 686 2942 opes
705 2856 866 2942 spectant
883 2850 1037 2942 proprie,
1054 2873 1122 2919 non
1138 2849 1183 2919 ad
1202 2849 1355 2919 animum

277 2989 369 3060 huno
387 2989 576 3060 internum.

326 3224 418 3301 Quid
436 3232 554 3294 autem
580 3224 636 3295 hic
663 3224 822 3316 injuriant
842 3227 1002 3296 Heredes
1029 3228 1120 3297 enim
1146 3234 1240 3298 certe
1262 3249 1354 3297 oom-

276 3363 458 3434 modorum
473 3363 781 3457 praemiorumque,
794 3363 823 3434 si
838 3387 908 3457 qua
921 3365 1112 3457 majoribus
1126 3365 1245 3437 debita
1258 3377 1351 3446 sunt,

273 3526 352 3575 esse
368 3503 530 3575 volumus
552 3529 558 3574 :
581 3527 644 3575 cur
660 3527 771 3574 onera
788 3527 991 3574 recusemus
1006 3514 1041 3575 et
1056 3507 1200 3597 poenas?

433 3671 554 3731 Delicta
568 3672 727 3750 majorum
745 3673 920 3730 inmeritus
937 3671 1001 3730 tues
1021 3672 1174 3743 Romane,

274 3834 369 3904 canit
387 3856 553 3903 romanus
572 3833 630 3903 ille
648 3834 772 3903 Vates.
789 3855 884 3913 vere,
905 3831 974 3902 nisi
992 3831 1084 3924 quod
1106 3831 1204 3902 addit
1225 3838 1354 3901 Imme-

271 3980 376 4046 ritus.
406 3973 637 4044 Meritissimo
666 3975 773 4056 enim,
801 3974 884 4067 quia
905 3996 1066 4044 meruere
1097 3973 1260 4067 majores.
1284 3973 1354 4044 Sed

306 4163 336 4225 (¹)
355 4163 406 4211 Ces
425 4162 595 4212 corrections
612 4163 677 4212 sont
695 4162 744 4211 des
762 4163 838 4212 antes
860 4165 887 4212 et
904 4176 1010 4212 commo
1031 4163 1079 4212 des
1101 4163 1226 4215 remedes
1239 4163 1273 4212 de
1291 4165 1352 4226 prd-

272 4269 401 4319 royunce.
426 4253 499 4303 Mais
528 4267 598 4317 pour
621 4253 661 4302 les
693 4254 787 4317 peines
814 4253 995 4317 spiritualim,
1027 4268 1134 4304 commo
1164 4267 1234 4303 nous
1257 4253 1353 4303 disous
