3262 5190
719 493 902 556 —310-

273 672 376 743 abibo
396 695 402 740 :
425 671 585 743 ordinem
611 673 771 744 eumdem
795 695 980 767 exsequar,
1009 678 1043 743 et
1068 670 1199 742 limites
1223 672 1349 742 tenebo
1373 736 1375 741 ,

273 835 360 913 quus
379 812 487 883 semel
502 812 611 884 finivi.
633 813 806 895 Quattuor,
826 822 865 885 ut
884 812 966 894 scia,
987 810 1086 882 velut
1103 810 1247 902 agmina
1265 810 1350 880 mihi

274 950 379 1031 lacta,
397 974 476 1044 quae
493 973 557 1044 pru
576 950 671 1021 eain
697 952 865 1023 Dolorem
885 951 1194 1045 Abjectioncmque
1213 971 1351 1042 pugna-

275 1097 354 1160 rent
370 1113 377 1158 :
394 1095 413 1160 e
431 1090 558 1183 quibus
572 1091 693 1183 priora
712 1091 794 1174 dua,
816 1115 895 1186 quae
920 1092 963 1162 de
982 1089 1211 1163 Providentia
1228 1096 1263 1160 et
1282 1090 1352 1159 Ne-

274 1227 451 1309 cessitate,
467 1227 542 1319 jam
569 1229 719 1323 produxi
746 1252 753 1299 :
779 1230 951 1324 docuique
975 1229 1076 1311 satis,
1101 1251 1251 1322 superne
1277 1235 1351 1298 eta

275 1366 339 1436 deo
358 1366 451 1437 mala
464 1366 612 1438 Publica
630 1367 769 1440 immitti
787 1394 793 1438 :
812 1368 965 1462 itemque
983 1366 1186 1439 necessaria
1199 1390 1241 1437 ca
1255 1389 1347 1447 esse,

276 1528 339 1576 nec
357 1503 461 1575 vitari
480 1504 551 1576 ulla
563 1505 661 1598 fuga.
709 1474 711 1478 ὗ

325 1834 507 1944 instruam
526 1895 619 1943 nunc
643 1872 753 1965 igitur
771 1894 898 1964 agmen
916 1872 1072 1953 tertium,
1089 1872 1182 1966 quod
1203 1872 1350 1944 Utilitas

277 2010 372 2083 ducit
393 2034 400 2080 :
421 2018 456 2082 et
469 2011 505 2080 in
516 2034 584 2105 quo
597 2010 704 2104 legio,
726 2034 831 2104 quam
845 2018 939 2082 recte
954 2010 1102 2081 dixerim
1116 2010 1346 2103 Adjutriccm.

276 2149 426 2242 Agmen
444 2149 472 2221 si
491 2149 649 2243 inspicis,
670 2150 825 2220 validum
851 2159 886 2221 et
909 2150 1074 2220 callidum
1095 2174 1101 2219 :
1123 2150 1215 2243 quod
1234 2151 1351 2221 nescio

277 2312 345 2382 quo
364 2289 466 2360 modu
492 2264 651 2359 illabitur
668 2296 703 2358 et
719 2288 876 2360 insinuat
894 2312 931 2359 se
949 2289 1150 2370 inanimus,
1170 2297 1204 2360 et
1222 2289 1352 2361 blanda

276 2429 427 2521 quadam
442 2429 475 2497 vi
491 2428 598 2498 vincit
611 2452 680 2499 nou
695 2428 836 2526 invitos.
856 2428 984 2522 lrrepit
998 2429 1090 2500 enim
1104 2430 1234 2522 potius,
1247 2452 1351 2522 quam

276 2566 439 2660 irrumpit
461 2589 467 2634 :
490 2567 626 2648 suadet,
643 2589 713 2638 non
731 2567 825 2660 cogit
843 2591 850 2636 :
873 2575 907 2638 et
925 2575 997 2639 tam
1011 2568 1112 2640 facile
1127 2569 1206 2639 duci
1222 2592 1285 2639 nos
1304 2570 1348 2639 ab

280 2706 441 2777 Utilitatc
458 2705 624 2799 patimur.
646 2730 751 2800 quam
769 2711 790 2776 a
809 2706 1031 2778 Necessitate
1045 2706 1152 2779 trahi.

328 3249 442 3327 Hanc,
455 3244 532 3325 tibi,
546 3242 656 3336 Lipsi‚
670 3243 877 3313 etmollibus
887 3245 958 3316 tuis
972 3246 1082 3339 copiis
1098 3271 1190 3318 nunc
1198 3271 1349 3342 oppono.

280 3385 391 3456 Utilia
409 3383 501 3454 euim
523 3389 617 3464 sunt,
638 3382 715 3452 haec
733 3405 812 3476 quae
831 3383 984 3475 patimur
1004 3385 1151 3455 Publica
1174 3386 1267 3456 mala
1289 3412 1296 3457 :
1319 3395 1353 3456 ct

278 3549 356 3596 cum
387 3525 525 3595 interno
555 3530 677 3593 nostro
712 3523 827 3599 fructu
855 3525 1115 3618 commodisque
1151 3527 1349 3618 conjuncta.

257 3662 378 3734 *blala
404 3662 541 3732 autem'l
569 3660 639 3731 imo
669 3660 771 3731 Boua
791 3662 922 3744 verius,
950 3664 979 3732 si
1010 3673 1144 3735 remoto
1176 3666 1243 3737 hoc
1271 3669 1354 3760 Opi-

280 3807 423 3876 nionum
445 3803 536 3882 velo,
571 3800 691 3871 oculos
718 3800 762 3870 ad
781 3802 906 3882 Ortum
933 3826 1053 3873 eorum
1084 3805 1216 3876 reseres
1248 3817 1283 3878 ct
1309 3810 1354 3878 url

280 3947 417 4016 Finem.
451 3942 608 4019 Quorum
631 3939 702 4020 ille,
730 3944 751 4008 a
774 3940 866 4009 bono
893 3964 899 4008 :
926 3940 994 4019 hic,
1025 3942 1061 4011 in
1079 3943 1221 4015 bonum.
1245 3945 1354 4038 Origo

280 4087 373 4158 enim
396 4089 490 4153 certe
512 4080 638 4149 hurum
664 4078 816 4148 cladium
835 4079 929 4172 (here
949 4080 1037 4150 satis
1060 4081 1145 4150 mihi
1164 4082 1293 4153 dictum
1321 4094 1356 4154 et

281 4223 431 4318 doctum)
446 4227 467 4293 a
485 4222 549 4292 deo
568 4246 574 4291 :
591 4220 705 4301 idest,
724 4242 791 4290 nou
807 4220 852 4290 ab
866 4220 942 4312 ipso
958 4221 1100 4291 Summo
1111 4224 1211 4293 Bono
1226 4226 1352 4309 sulum,
