3262 5190
783 487 966 550 -cu-

335 668 451 760 perire
473 693 480 738 :
508 667 592 741 fient
616 668 707 738 Fato
734 667 897 738 videlicet
915 669 986 738 ista
1004 691 1154 761 quoque,
1177 691 1257 761 quae
1276 670 1321 739 all
1340 669 1413 739 exi-

334 806 422 876 tium
432 806 587 877 humana
601 806 659 876 via
672 807 815 878 ducant.
831 807 937 877 Plebs
952 830 1030 877 cum
1044 806 1262 899 proceribus
1275 815 1310 878 ct
1323 807 1415 878 iuter

336 970 385 1029 se,
404 946 471 1017 erit
489 947 637 1018 discors,
660 969 761 1017 nemo
779 961 905 1039 parere
927 967 1074 1037 guarna,
1100 968 1201 1016 nemo
1223 944 1411 1038 imperare.

337 1086 472 1156 streuui
497 1086 621 1177 lingua
643 1085 758 1169 multi,
782 1084 900 1177 ignavi
925 1107 1047 1155 omues
1065 1107 1186 1177 opera.
1215 1083 1364 1176 denique
1378 1083 1413 1151 iu
1474 1163 1485 1181 ·

335 1226 481 1298 ducibus
499 1225 585 1318 ipsis
604 1249 672 1296 nou
688 1224 886 1306 consilium,
908 1247 977 1294 non
996 1224 1100 1295 uues.

384 2007 479 2076 Vere
492 2005 651 2076 Velleius
674 2032 681 2076 :
703 2010 942 2076 Ineluctabilis
960 2010 1120 2092 satorum
1143 2008 1207 2084 cis,
1226 2009 1327 2092 cujus
1338 2010 1412 2092 sor-

333 2155 454 2224 tuaam
473 2154 613 2214 cautere
625 2150 812 2225 constituit,
831 2149 985 2214 coasilia·
996 2148 1207 2231 corrumpit,
1228 2144 1408 2235 Itemque:

335 2289 470 2371 Quippe
484 2289 535 2353 ita
553 2297 611 2352 res
625 2286 740 2364 hustet,
759 2292 797 2351 ut
808 2288 1019 2370 pierumque
1044 2286 1105 2369 qui
1126 2286 1309 2368 fortunam
1336 2303 1412 2348 ma-

333 2431 473 2490 taturus
490 2431 539 2491 est
557 2426 652 2502 deas,
667 2426 814 2491 coasilia
827 2413 1034 2509 corrumpat
1057 2453 1064 2490 :
1092 2425 1307 2508 efficiatque,
1322 2423 1413 2507 quaet

333 2568 382 2627 est
407 2563 666 2640 miserrimum,
695 2569 732 2628 ut
758 2556 850 2646 tacut
870 2563 1011 2640 accidit,
1037 2567 1144 2667 etiam
1170 2563 1296 2628 merito
1321 2562 1411 2625 acci·

333 2701 426 2767 disse
453 2702 631 2770 videatur.
662 2699 738 2770 Nec
767 2706 886 2769 tameii
909 2697 993 2769 illuc
1019 2696 1139 2769 statim
1166 2697 1345 2776 delabere,
1375 2701 1413 2765 ut

333 2843 492 2909 extrema
509 2837 584 2908 lata
605 2859 732 2930 urgere
750 2837 902 2930 patriam
927 2846 1024 2909 tuam
1043 2860 1202 2909 censeas,
1233 2837 1300 2914 Qui
1319 2835 1411 2906 enim

332 2976 451 3047 nestit
471 2984 507 3047 et
532 2978 590 3071 qui
610 2978 679 3048 scis
698 3000 743 3047 au
763 2977 947 3049 concussio
971 2985 1006 3048 et
1024 2976 1318 3047 commotiuncula
1335 2975 1412 3046 haec

333 3125 470 3189 tantum
490 3118 549 3198 sit,
567 3140 611 3187 an
632 3117 677 3187 ad
695 3117 875 3187 interitum
893 3117 1057 3186 morbust
1078 3117 1149 3188 Fer
1166 3138 1268 3209 opem
1285 3115 1408 3208 igitur,

333 3267 368 3328 et
381 3257 560 3350 quamdiu,
575 3256 679 3350 juxta
695 3264 796 3327 vetus
809 3256 968 3338 verbum,
986 3255 1104 3326 anima
1125 3256 1207 3327 huic
1224 3278 1323 3348 aegro
1340 3262 1407 3337 est.

334 3419 450 3492 spera
470 3395 572 3473 Quod
587 3394 616 3465 si
629 3394 705 3489 jam
718 3395 824 3466 certis
843 3394 1017 3489 clarisque
1036 3394 1174 3466 indiciis
1194 3395 1313 3466 fatalis
1336 3419 1410 3466 mu-

333 3535 421 3609 tatio
436 3534 621 3629 apparebit
638 3558 645 3603 :
662 3558 717 3605 me
732 3535 871 3628 quidem
880 3534 999 3628 judice
1013 3527 1145 3606 valebit
1160 3537 1203 3627 μὴ
1218 3534 1267 3601 lec
1282 3538 1406 3629 μαχεῖν.

333 3676 380 3747 Et
414 3674 555 3746 Solonis
590 3671 786 3764 exemplum
817 3678 893 3742 tulo
923 3670 980 3743 hic
1010 3671 1171 3763 ingeram
1201 3695 1208 3739 t
1242 3670 1301 3764 qui
1332 3694 1410 3742 cum

333 3812 492 3884 Athenas
519 3811 730 3882 Pisistratus
755 3818 975 3904 occupasset,
1012 3811 1216 3904 videretque
1246 3819 1410 3883 conatum

334 3974 472 4022 omnem
491 3950 624 4018 frustra
637 3970 716 4017 esse
729 3970 793 4040 pro
812 3947 995 4031 libertate;
1016 3971 1116 4019 arma
1129 3957 1165 4020 et
1178 3956 1314 4020 scutum
1329 3956 1410 4020 ante

333 4090 427 4159 sores
453 4086 569 4157 Curiae
600 4108 747 4177 ponem,
776 4108 795 4154 o
816 4090 955 4173 putria,
976 4086 1102 4179 iuquit,
1130 4090 1194 4155 tibi
1211 4095 1243 4155 et
1259 4090 1410 4155 dictiset

333 4233 439 4316 factis
452 4230 642 4315 opitulatus
659 4249 736 4294 sum
757 4257 764 4293 :
787 4233 892 4319 atque
911 4225 960 4296 ita
979 4226 1120 4296 domum
1143 4225 1248 4308 abiit,
1271 4225 1306 4295 in
1332 4247 1410 4319 pos·
