3262 5190
717 486 900 546 -378-

321 671 390 740 Sed
414 668 650 761 inaequalitas,
672 666 821 760 inquies,
847 664 909 735 illa
935 663 1019 734 mihi
1043 663 1203 757 displicet
1224 688 1231 733 :
1252 662 1350 755 quod

271 809 413 903 quidam
442 814 648 901 premuntur
678 805 738 899 qui
767 804 904 874 minora
934 810 1136 897 peccarunt,
1163 802 1291 873 florent
1314 809 1352 871 et

273 956 424 1040 regnant
442 946 500 1041 qui
515 969 656 1039 magna.
674 946 810 1038 Nempe
823 944 890 1015 hoc
903 944 1001 1015 erat!
1018 943 1145 1036 eripies
1158 950 1208 1023 tu,
1226 941 1350 1023 credo,

272 1086 443 1157 trutinam
472 1084 626 1155 coelestis
650 1083 807 1154 lustitiae
837 1083 1011 1165 manibus,
1042 1090 1077 1153 et
1107 1089 1166 1154 tuo
1196 1081 1355 1175 quodam

273 1248 379 1296 sensu
405 1225 687 1318 ponderibusque
717 1246 795 1294 eam
823 1222 982 1293 librabis.
1017 1222 1094 1300 Quo
1125 1220 1217 1292 enim
1245 1219 1358 1292 aliter

274 1372 409 1458 spectat
427 1363 505 1434 hoec
523 1363 729 1434 delictorum
743 1361 881 1454 parium
899 1361 1130 1455 imperiumne
1143 1359 1355 1443 aestimati0‚

274 1527 379 1597 quam
394 1511 476 1574 ante
491 1502 593 1573 deum
612 1501 675 1572 tibi
690 1499 820 1570 sumisl

324 1838 394 1909 Sed
412 1838 480 1908 duo
498 1837 567 1918 hic,
590 1837 701 1930 Lipsi‚
723 1837 853 1930 cogita.
952 1906 957 1911 .

328 1977 499 2058 Primum,
519 1976 689 2048 {estimari
721 1977 766 2047 ab
796 1976 937 2047 homino
972 1999 1083 2047 noxas
1115 1974 1251 2046 alienas
1282 1999 1363 2047 non

274 2137 392 2207 posse,
406 2137 474 2185 non
489 2114 629 2185 debere.
648 2113 830 2191 Quomodo
845 2113 958 2184 eniml
973 2113 1028 2183 Tu
1041 2111 1194 2182 homulle
1209 2124 1365 2205 peccata

276 2253 424 2346 aequiter
442 2253 634 2345 appendas,
652 2253 711 2346 qui
727 2275 790 2323 nec
807 2251 960 2323 attendis
974 2251 1138 2345 qnideml
1158 2259 1195 2322 tu
1209 2274 1254 2322 ea
1266 2251 1362 2342 legi-

276 2391 360 2461 time
379 2391 573 2470 discernas,
595 2391 653 2484 qui
673 2414 737 2461 nec
755 2391 894 2462 cernisl
917 2391 1019 2469 Quod
1038 2390 1131 2461 enim
1148 2389 1251 2462 facile
1270 2390 1362 2462 mihi

277 2528 355 2607 das.
372 2527 510 2599 animus
530 2529 655 2622 estqui
672 2538 793 2622 peccat
815 2554 821 2600 :
843 2552 907 2622 per
924 2551 1051 2622 corpus
1069 2528 1210 2622 quidem
1226 2533 1263 2599 et
1276 2550 1363 2599 sen-

276 2692 378 2738 suum
399 2668 475 2740 haec
498 2669 747 2752 instrumenta,
769 2671 831 2741 sed
854 2671 904 2740 ita
927 2678 965 2740 nt
988 2678 1199 2740 momentum
1219 2677 1255 2740 et
1272 2691 1363 2763 pon·

276 2806 342 2877 dus
362 2830 466 2878 omne
484 2809 641 2880 criminis
666 2810 713 2880 sit
730 2810 775 2880 ab
800 2810 889 2903 ipso.
912 2810 1013 2888 Quod
1040 2810 1129 2880 adeo
1147 2831 1267 2880 verum
1288 2820 1360 2892 est,

279 2954 316 3017 ut
331 2946 360 3017 si
375 2946 522 3018 invitum
538 2949 690 3041 aliquem
709 2949 836 3019 statuis
852 2971 1029 3041 peccasse,
1047 2972 1116 3019 non
1128 2947 1301 3042 peccarit.
1321 2948 1364 3019 ld

278 3094 394 3153 antem
409 3085 439 3154 si
457 3094 511 3156 est
533 3111 539 3155 :
562 3085 749 3177 quomodo,
766 3086 926 3168 obsecro,
944 3094 1125 3179 peccatum
1143 3087 1257 3180 ipsum
1278 3109 1365 3181 per-

279 3218 426 3301 videbis,
454 3222 512 3313 qui
535 3245 599 3292 nec
620 3222 734 3292 cubile
756 3223 830 3315 ejus
857 3232 918 3295 aut
936 3225 1075 3296 sedeml
1094 3226 1187 3295 Nam
1205 3232 1367 3299 mentem

279 3365 373 3426 certe
405 3357 495 3428 adeo
518 3358 669 3430 alienam
700 3359 818 3431 videre
851 3385 920 3433 nou
950 3370 1062 3456 potes,
1092 3373 1131 3434 ut
1156 3387 1222 3435 nec
1243 3372 1364 3440 tuam.

279 3495 414 3588 Magna
443 3496 552 3590 igitur
575 3497 652 3568 haec
677 3498 731 3568 vel
759 3501 898 3570 vanitas
922 3500 977 3572 vel
1003 3501 1184 3575 temeritas
1207 3511 1272 3576 tua
1291 3518 1366 3589 est,

278 3656 465 3707 censuram
491 3636 830 3730 aestimationemque
849 3638 1059 3711 vindicantis
1079 3640 1115 3711 in
1142 3664 1181 3714 re
1199 3664 1266 3714 nec
1283 3644 1372 3719 visa

278 3773 380 3864 plene
397 3797 461 3844 nec
474 3774 638 3857 videnda,
659 3799 723 3847 nec
738 3785 823 3847 nota
840 3801 904 3849 nec
919 3781 1108 3854 noscenda.

331 4201 491 4271 Secundo
515 4201 601 4272 illud
627 4203 756 4296 cogita,
780 4214 816 4276 nt
836 4207 984 4278 manime
1003 4207 1052 4278 ua
1071 4207 1129 4291 sit,
1149 4231 1214 4281 nec
1229 4210 1374 4287 malum
