3262 5190
795 462 980 525 -362-

347 664 424 713 esse
442 669 448 713 :
467 643 585 736 etjam
604 648 686 714 ante
701 642 818 714 animo
837 651 953 713 tecum
971 642 1137 736 praecipe,
1151 641 1319 733 gaudium
1332 641 1428 711 istud

348 802 491 849 manere
504 779 681 874 lacrymas
695 789 730 852 et
744 803 909 873 angores.
928 780 1057 851 Scaena
1069 779 1146 850 haec
1160 801 1241 849 mox
1254 777 1427 870 sanguine

350 915 498 998 diffluet,
519 923 554 987 et
571 917 756 989 volventur
781 917 818 986 in
841 939 882 987 ee
907 938 1095 1009 purpureae
1115 915 1196 986 istae
1221 920 1427 1006 aurataeque
1480 941 1481 944 ¹

339 1041 477 1127 restes.
506 1055 628 1126 Bonus
655 1055 748 1126 enim
770 1054 830 1126 ille
852 1060 973 1125 nester
995 1060 1101 1147 poeta
1120 1060 1187 1135 est,
1212 1074 1277 1123 nec
1294 1060 1427 1122 temere

348 1193 516 1286 migrabit
531 1193 720 1286 tragoediae
739 1216 814 1264 suae
831 1191 943 1285 leges.
965 1193 1093 1262 Nonne
1111 1190 1217 1262 etiam
1234 1189 1270 1259 in
1286 1187 1427 1260 Musica

347 1335 510 1407 dissonas
528 1333 746 1429 aliquamdiu
763 1355 867 1404 voces
888 1331 973 1415 sens,
991 1332 1073 1426 quia
1093 1339 1250 1403 extrema
1267 1328 1426 1401 desitura

348 1477 417 1548 seis
435 1477 471 1547 iu
485 1476 712 1548 concentum?
731 1474 823 1544 idem
840 1471 898 1544 hic
913 1472 981 1546 fac.

396 2100 443 2170 At
469 2099 563 2170 enim
591 2098 817 2171 Punitionem
834 2122 913 2170 eam
935 2121 1006 2169 non
1023 2096 1143 2168 vident
1168 2119 1306 2191 semper
1330 2097 1423 2169 laesi.

347 2239 439 2318 Quid
452 2239 602 2310 minume
620 2238 844 2331 longiuscula
857 2239 950 2309 enim
968 2261 1064 2330 saepe
1078 2237 1280 2320 fabulaest‚
1297 2237 1424 2309 necilli

347 2376 535 2470 persedere
560 2376 693 2447 tamdiu
724 2383 911 2469 potuerent
947 2376 983 2445 in
1009 2375 1076 2446 hoc
1107 2375 1261 2448 theatro.
1295 2376 1427 2448 Vident

345 2523 465 2586 tamen
491 2515 552 2585 alii
580 2541 588 2585 :
616 2524 652 2586 et
671 2515 873 2608 concipiunt
891 2516 972 2608 jure
997 2522 1141 2607 metum,
1170 2515 1335 2609 queniam
1352 2539 1426 2586 am·

345 2652 450 2747 pliari
465 2653 633 2747 quosdam
648 2652 682 2722 in
698 2653 814 2746 rigide
830 2652 896 2723 hoc
904 2652 1036 2745 judicio
1050 2652 1182 2735 vident,
1194 2676 1263 2723 non
1273 2653 1423 2737 absolvi;

344 2791 493 2863 dissindi
517 2814 633 2885 poenae
661 2792 771 2874 diem,
801 2815 872 2862 non
904 2791 992 2863 tolli.
1026 2790 1284 2874 Quamobrem,
1310 2791 1422 2886 Lipsi‚

344 2929 411 3000 hoc
429 2936 534 3000 tene:
557 2928 693 3000 differri
711 2928 901 3022 aliquando
927 2927 1067 3021 impios,
1090 2951 1161 2999 non
1184 2929 1312 3000 dimitti
1333 2955 1340 3001 :
1362 2953 1426 3001 nec

346 3069 479 3140 crimen
509 3090 719 3160 quemquam
748 3066 785 3136 in
815 3072 957 3159 pectore
982 3072 1137 3158 gestare,
1158 3067 1216 3160 qui
1239 3090 1310 3138 nen
1333 3067 1426 3138 idem

345 3205 525 3276 Nemesim
550 3204 587 3273 in
612 3210 726 3295 terge.
745 3203 912 3296 Sequitur
931 3202 1024 3274 enim
1043 3203 1106 3274 illa
1132 3206 1220 3278 Dea.
1241 3213 1277 3278 et
1293 3214 1332 3279 ut
1346 3231 1425 3278 cum

347 3340 516 3436 Euripide
534 3341 660 3423 dicam,

549 3586 609 3603 .....
625 3551 685 3620 σιγᾶ
699 3546 744 3598 καὶ
761 3540 852 3620 βραδεῖ
864 3540 926 3600 ποδὶ

545 3665 667 3743 ςείχουσα
683 3665 779 3742 μάρφει
795 3666 856 3727 τοὺς
871 3666 973 3721 aeneus
987 3665 1049 3721 ὅταν
1063 3666 1143 3744 τύχῃ.
