3262 5190
775 453 959 516 -332—

325 635 445 729 expiat
463 643 498 707 et
515 582 702 730 depurgat.
722 636 817 706 Vere
841 634 930 706 miti.
952 631 1123 727 quantula
1136 631 1229 702 enim
1256 631 1326 702 ista
1349 654 1404 701 sa-

324 775 502 848 tisfactiot
522 777 654 846 Persas
673 774 773 846 aiunt
795 797 873 845 cum
890 771 1101 866 supplicium
1123 772 1167 842 de
1183 770 1314 842 illustri
1328 770 1405 841 viro

324 916 498 1010 sumpturi
516 922 611 998 sunt,
637 921 771 986 vestem
798 921 833 985 et
850 914 979 984 tiaram
1005 913 1037 983 ei
1056 912 1256 993 detrahere,
1291 934 1401 1004 eaque

324 1078 497 1148 suspensa
511 1056 700 1126 verberare
715 1061 753 1126 ut
767 1053 943 1124 hominem
959 1053 1096 1145 ipsum:
1115 1051 1273 1123 fecithoc
1286 1059 1406 1122 noster

322 1195 382 1265 ille
399 1202 513 1289 pater,
536 1195 593 1287 qui
611 1195 648 1263 in
663 1194 759 1264 omni
773 1194 1007 1286 castigatione
1020 1217 1091 1264 non
1110 1217 1176 1265 nos
1195 1193 1324 1285 tangit,
1343 1194 1403 1263 sed

321 1359 460 1429 corpus,
478 1357 597 1427 agros,
618 1358 702 1428 opes
715 1342 751 1406 et
768 1333 886 1406 omnia
899 1341 1057 1404 externa.

369 2215 417 2288 At
434 2217 603 2289 Fraenum
621 2217 726 2288 etiam
741 2212 930 2307 castigatio
944 2223 1011 2286 est.
1030 2216 1123 2310 quod
1136 2222 1333 2309 opportune
1347 2215 1400 2284 in-

313 2352 404 2446 jicit,
427 2378 506 2425 cum
520 2355 617 2426 videt
626 2361 845 2448 peccaturos.
864 2355 913 2425 Ut
925 2356 1050 2426 medici
1069 2356 1278 2448 sanguinem
1295 2356 1403 2426 inter·

321 2494 404 2566 dum
435 2495 581 2589 provide
599 2495 799 2577 demittunt,
822 2518 892 2566 non
924 2497 1007 2589 quia
1036 2519 1135 2589 aeger
1164 2497 1226 2577 sis,
1265 2497 1326 2567 sed
1361 2520 1404 2566 ne

321 2658 499 2730 aegrescas
521 2663 527 2707 :
550 2638 601 2708 sic
620 2635 706 2708 deus
720 2661 783 2731 per
800 2638 866 2709 has
885 2638 1004 2709 clades
1029 2638 1191 2731 quaedam
1209 2638 1311 2709 nobis
1329 2638 1403 2708 adi-

321 2783 396 2866 mit,
417 2783 602 2855 materiam
619 2783 709 2855 alias
736 2790 770 2854 et
794 2784 953 2855 fomitem
970 2784 1149 2856 vitiorum.
1182 2784 1291 2856 Novit
1310 2784 1402 2854 enim

320 2919 380 2990 ille
398 2926 546 2991 naturas
576 2920 744 3003 omnium,
778 2921 836 3015 qui
857 2922 1014 2993 condidit
1035 2948 1042 2992 :
1064 2946 1128 2992 nec
1152 2922 1318 2996 arvenis
1344 2933 1405 2995 aut

241 3073 246 3080 ’
321 3057 438 3128 colore
456 3058 500 3128 de
519 3058 731 3150 aegritudine
742 3058 892 3150 judicat,
915 3060 977 3130 sed
997 3065 1016 3131 e
1035 3068 1177 3153 pectore
1199 3069 1234 3132 et
1251 3067 1270 3133 d
1288 3062 1400 3134 fibris.

321 3197 428 3268 Videt
445 3197 598 3268 Etrusca
611 3197 755 3289 ingenia
771 3204 899 3290 vegeta
924 3199 1028 3270 nimis
1047 3207 1083 3271 et
1105 3201 1280 3273 excitatal
1300 3203 1403 3274 Prin-

322 3333 398 3427 cipe
421 3340 571 3404 coercet.
594 3333 836 3406 Helvetiorum
861 3335 985 3407 sedata
1010 3344 1044 3408 et
1068 3337 1187 3409 mitial
1204 3337 1404 3410 libertatem

323 3469 494 3562 indulget.
533 3471 750 3541 Venetorum
784 3472 923 3543 mediat
961 3473 1113 3543 medium
1143 3475 1206 3545 dat
1231 3476 1400 3567 regimen.

323 3630 433 3701 eaque
446 3607 524 3701 ipsa
538 3608 744 3702 intempore
757 3609 908 3681 sortasse
936 3619 1135 3682 mutaturus
1154 3621 1219 3694 est,
1237 3637 1315 3684 cum
1337 3613 1403 3707 ipsi

324 3768 361 3815 sa
376 3745 572 3817 mutabunt.
