3262 5190
716 1496 821 1566 (ΑΡ.
844 1496 909 1566 ΙΙΙ.

278 1735 391 1796 Contra
403 1739 537 1798 curiosos
551 1739 697 1816 quotie·
710 1739 886 1812 diurn-n,
901 1741 956 1818 qni
970 1743 1070 1801 nmis
1083 1743 1127 1801 al
1143 1746 1312 1806 enituit·
1327 1756 1359 1809 et

316 1859 473 1936 iquorem-
487 1860 672 1921 abutuntur.
691 1861 769 1933 Quis
785 1880 875 1923 rem
889 1881 991 1922 eona
1003 1882 1078 1924 usus
1092 1887 1102 1921 :
1115 1863 1315 1946 Supiestibn
1328 1876 1359 1929 et

316 1981 423 2042 Bootis
434 1982 555 2045 idom
565 2002 625 2045 me
636 2008 645 2042 ;
658 1991 687 2044 et
704 1984 894 2064 &pientiu-
911 1986 1009 2063 ipa·
1029 1986 1129 2046 aits·
1142 1989 1175 2048 in
1193 1990 1234 2049 iis
1246 1997 1277 2049 et
1287 1992 1357 2053 eln-

315 2110 427 2165 mlum.

324 2375 413 2443 Cum
430 2373 597 2444 dixissem
611 2375 689 2444 haec
700 2376 832 2456 acrius,
852 2388 887 2445 et
901 2399 987 2447 soce
999 2376 1167 2471 vultuque
1179 2402 1329 2451 accenso
1342 2362 1377 2451 :s

277 2519 425 2590 remisso
443 2542 504 2590 ore
517 2520 563 2590 ad
577 2544 632 2590 me
653 2520 825 2613 Langius,
844 2523 955 2593 Amas
967 2542 1076 2604 certe,
1093 2525 1205 2617 lipsi,
1223 2527 1351 2620 inquit,

275 2683 375 2732 amas
404 2660 567 2732 floridam
596 2661 689 2733 hanc
714 2685 998 2757 purpureamque
1028 2664 1231 2757 Nympham
1256 2692 1265 2736 :
1291 2667 1353 2736 sed

275 2824 411 2883 vereor,
434 2811 472 2872 ut
489 2824 587 2873 ames
608 2802 828 2873 immodeste.
850 2802 985 2872 Hortos
1007 2803 1100 2873 enim
1123 2803 1262 2875 laudas.
1290 2804 1353 2874 sed

275 2942 338 3023 ita,
360 2950 399 3013 ut
415 2964 509 3012 vana
525 2941 692 3035 pleraque
708 2941 745 3011 in
762 2942 807 3013 iis
832 2940 973 3021 mirere,
995 2950 1057 3010 aut
1074 2950 1222 3012 externa
1242 2968 1250 3012 :
1268 2966 1354 3012 vera

275 3088 311 3151 et
327 3080 487 3171 legitima
505 3103 626 3150 eorum
653 3079 786 3171 gaudia
802 3079 957 3149 omittas.
978 3079 1124 3151 Colores
1141 3081 1235 3151 enim
1252 3081 1352 3151 dum-

275 3225 375 3287 taxat
399 3216 502 3286 avide
527 3215 684 3308 inspicis,
706 3224 740 3286 et
764 3215 798 3285 in
821 3215 977 3307 pulvillis
997 3219 1164 3311 quiesciS,
1185 3227 1221 3289 et
1245 3219 1352 3291 flores

276 3353 365 3448 petis
383 3353 428 3424 ab
455 3362 538 3423 noto
556 3352 747 3447 ignotoque
766 3353 864 3425 orbe.
886 3353 1044 3424 Obsecro
1057 3364 1097 3426 ut
1116 3356 1224 3449 quid?
1252 3365 1290 3427 ut
1308 3380 1352 3428 ne

274 3502 309 3565 te
322 3516 459 3588 quoque
474 3516 552 3564 esse
570 3493 679 3564 sciam
701 3493 736 3563 in
754 3493 822 3565 hac
840 3503 950 3574 secta,
979 3516 1061 3586 quae
1083 3504 1207 3564 exorta
1229 3494 1348 3575 hodie,

274 3633 365 3704 male
382 3633 602 3703 curiosorum
621 3631 818 3724 hominum,
839 3631 931 3701 male
949 3631 1175 3702 feriatorum?
1196 3634 1255 3725 qui
1275 3658 1349 3706 rem

273 3773 441 3865 optimam
477 3770 861 3865 simplicissimamque,
896 3770 1167 3841 instrumentum
1202 3772 1351 3846 duorum

273 3912 437 3983 vitiorum
453 3911 624 3992 fecerunt,
641 3910 820 3981 Vanitatis
835 3918 870 3981 et
886 3911 1070 4005 Torporis.
1091 3911 1170 3981 Hac
1183 3912 1276 3981 enim
1289 3912 1350 3983 fini

272 4052 404 4123 habent
418 4051 554 4122 hortos,
577 4048 755 4120 Herbulas
773 4049 908 4142 aliquot
925 4059 960 4120 et
979 4049 1084 4120 flores
1107 4049 1262 4119 exoticos
1279 4073 1351 4121 am-

273 4189 399 4262 bitioso
425 4188 666 4283 conquirunt:
695 4193 730 4258 et
756 4187 923 4280 quaesitos
954 4187 1005 4257 ita
1030 4186 1133 4260 anxie
1167 4189 1284 4259 fovent
1315 4195 1351 4259 et
