<?xml version="1.0" encoding="UTF-8"?>
<!DOCTYPE html PUBLIC "-//W3C//DTD XHTML 1.0 Transitional//EN"
    "http://www.w3.org/TR/xhtml1/DTD/xhtml1-transitional.dtd">
<html xmlns="http://www.w3.org/1999/xhtml" xml:lang="en" lang="en">
 <head>
  <title>
</title>
<meta http-equiv="Content-Type" content="text/html;charset=utf-8" />
  <meta name='ocr-system' content='tesseract 3.04.00' />
  <meta name='ocr-capabilities' content='ocr_page ocr_carea ocr_par ocr_line ocrx_word'/>
</head>
<body>
  <div class='ocr_page' id='page_1' title='image "./traitdelaconsta00boisgoog_0307.png"; bbox 0 0 3262 5190; ppageno 0'>
   <div class='ocr_carea' id='block_1_1' title="bbox 767 475 952 538">
    <p class='ocr_par' dir='ltr' id='par_1_1' title="bbox 767 475 952 538">
     <span class='ocr_line' id='line_1_1' title="bbox 767 475 952 538; baseline -0.011 0"><span class='ocrx_word' id='word_1_1' title='bbox 767 475 952 538; x_wconf 65' lang='lat'>-302-</span> 
     </span>
    </p>
   </div>
   <div class='ocr_carea' id='block_1_2' title="bbox 319 654 1399 1306">
    <p class='ocr_par' dir='ltr' id='par_1_2' title="bbox 319 654 1399 1306">
     <span class='ocr_line' id='line_1_2' title="bbox 370 654 1399 750; baseline 0.001 -24"><span class='ocrx_word' id='word_1_2' title='bbox 370 656 483 735; x_wconf 85' lang='lat' dir='ltr'><strong>Quam</strong></span> <span class='ocrx_word' id='word_1_3' title='bbox 502 654 602 726; x_wconf 88' lang='lat' dir='ltr'><strong>multi</strong></span> <span class='ocrx_word' id='word_1_4' title='bbox 619 654 723 726; x_wconf 88' lang='lat' dir='ltr'><strong>hodie</strong></span> <span class='ocrx_word' id='word_1_5' title='bbox 737 654 772 723; x_wconf 90' lang='lat' dir='ltr'><strong>in</strong></span> <span class='ocrx_word' id='word_1_6' title='bbox 791 654 858 725; x_wconf 90' lang='lat' dir='ltr'><strong>hoo</strong></span> <span class='ocrx_word' id='word_1_7' title='bbox 877 661 997 725; x_wconf 90' lang='lat' dir='ltr'><strong>nostro</strong></span> <span class='ocrx_word' id='word_1_8' title='bbox 1016 655 1155 725; x_wconf 86' lang='lat' dir='ltr'><strong>Musica</strong></span> <span class='ocrx_word' id='word_1_9' title='bbox 1166 663 1273 737; x_wconf 88' lang='lat' dir='ltr'><strong>coetu,</strong></span> <span class='ocrx_word' id='word_1_10' title='bbox 1292 657 1399 750; x_wconf 87' lang='lat' dir='ltr'><strong>quiet</strong></span> 
     </span>
     <span class='ocr_line' id='line_1_3' title="bbox 320 792 1394 887; baseline -0.004 -21"><span class='ocrx_word' id='word_1_11' title='bbox 320 819 358 867; x_wconf 89' lang='lat' dir='ltr'><strong>se</strong></span> <span class='ocrx_word' id='word_1_12' title='bbox 390 795 614 876; x_wconf 83' lang='lat' dir='ltr'>dedecorant,</span> <span class='ocrx_word' id='word_1_13' title='bbox 649 801 684 864; x_wconf 90' lang='lat' dir='ltr'><strong>et</strong></span> <span class='ocrx_word' id='word_1_14' title='bbox 714 817 816 864; x_wconf 90' lang='lat' dir='ltr'><strong>omne</strong></span> <span class='ocrx_word' id='word_1_15' title='bbox 838 816 964 864; x_wconf 90' lang='lat' dir='ltr'><strong>nomen</strong></span> <span class='ocrx_word' id='word_1_16' title='bbox 997 792 1217 864; x_wconf 69' lang='lat' dir='ltr'><strong>litterarum?</strong></span> <span class='ocrx_word' id='word_1_17' title='bbox 1240 792 1394 887; x_wconf 78' lang='lat' dir='ltr'><strong>quidam,</strong></span> 
     </span>
     <span class='ocr_line' id='line_1_4' title="bbox 320 931 1398 1027; baseline -0.001 -23"><span class='ocrx_word' id='word_1_18' title='bbox 320 933 403 1027; x_wconf 89' lang='lat' dir='ltr'><strong>quia</strong></span> <span class='ocrx_word' id='word_1_19' title='bbox 432 933 578 1025; x_wconf 87' lang='lat' dir='ltr'><strong>flagitiis</strong></span> <span class='ocrx_word' id='word_1_20' title='bbox 609 940 645 1004; x_wconf 85' lang='lat' dir='ltr'><strong>et</strong></span> <span class='ocrx_word' id='word_1_21' title='bbox 669 932 863 1003; x_wconf 79' lang='lat' dir='ltr'><strong>sceleribus</strong></span> <span class='ocrx_word' id='word_1_22' title='bbox 894 931 1048 1026; x_wconf 75' lang='lat' dir='ltr'><strong>cooperti</strong></span> <span class='ocrx_word' id='word_1_23' title='bbox 1076 959 1084 1003; x_wconf 90' lang='lat'>:</span> <span class='ocrx_word' id='word_1_24' title='bbox 1118 933 1288 1026; x_wconf 86' lang='lat' dir='ltr'><strong>plerique,</strong></span> <span class='ocrx_word' id='word_1_25' title='bbox 1316 933 1398 1026; x_wconf 90' lang='lat' dir='ltr'><strong>quia</strong></span> 
     </span>
     <span class='ocr_line' id='line_1_5' title="bbox 319 1071 1398 1165; baseline 0.001 -24"><span class='ocrx_word' id='word_1_26' title='bbox 319 1072 418 1154; x_wconf 86' lang='lat' dir='ltr'><strong>vani,</strong></span> <span class='ocrx_word' id='word_1_27' title='bbox 442 1072 538 1143; x_wconf 86' lang='lat' dir='ltr'><strong>leves</strong></span> <span class='ocrx_word' id='word_1_28' title='bbox 558 1074 716 1164; x_wconf 76' lang='grc' dir='ltr'>μετέωροι,</span> <span class='ocrx_word' id='word_1_29' title='bbox 746 1079 781 1143; x_wconf 86' lang='lat' dir='ltr'><strong>et</strong></span> <span class='ocrx_word' id='word_1_30' title='bbox 807 1071 938 1143; x_wconf 91' lang='lat' dir='ltr'><strong>nullius</strong></span> <span class='ocrx_word' id='word_1_31' title='bbox 967 1072 1071 1143; x_wconf 84' lang='lat' dir='ltr'><strong>seriae</strong></span> <span class='ocrx_word' id='word_1_32' title='bbox 1099 1095 1208 1144; x_wconf 87' lang='lat' dir='ltr'><strong>curae.</strong></span> <span class='ocrx_word' id='word_1_33' title='bbox 1239 1071 1398 1165; x_wconf 85' lang='lat' dir='ltr'><strong>Linguas</strong></span> 
     </span>
     <span class='ocr_line' id='line_1_6' title="bbox 319 1210 1397 1306; baseline -0.001 -24"><span class='ocrx_word' id='word_1_34' title='bbox 319 1212 481 1283; x_wconf 77' lang='lat' dir='ltr'><strong>discenti</strong></span> <span class='ocrx_word' id='word_1_35' title='bbox 497 1212 559 1282; x_wconf 89' lang='lat' dir='ltr'><strong>sed</strong></span> <span class='ocrx_word' id='word_1_36' title='bbox 571 1212 712 1304; x_wconf 82' lang='lat' dir='ltr'><strong>linguas</strong></span> <span class='ocrx_word' id='word_1_37' title='bbox 731 1218 881 1282; x_wconf 85' lang='lat' dir='ltr'><strong>tantum.</strong></span> <span class='ocrx_word' id='word_1_38' title='bbox 900 1210 1046 1282; x_wconf 86' lang='lat' dir='ltr'><strong>Graecos</strong></span> <span class='ocrx_word' id='word_1_39' title='bbox 1061 1211 1277 1306; x_wconf 89' lang='lat' dir='ltr'><strong>Latinosque</strong></span> <span class='ocrx_word' id='word_1_40' title='bbox 1288 1212 1397 1305; x_wconf 92' lang='lat' dir='ltr'><strong>scrip-</strong></span> 
     </span>
    </p>
   </div>
   <div class='ocr_carea' id='block_1_3' title="bbox 318 1358 1397 2150">
    <p class='ocr_par' dir='ltr' id='par_1_3' title="bbox 318 1358 1397 2150">
     <span class='ocr_line' id='line_1_7' title="bbox 318 1358 1397 1453; baseline 0 -23"><span class='ocrx_word' id='word_1_41' title='bbox 318 1368 414 1431; x_wconf 89' lang='lat' dir='ltr'><strong>tores</strong></span> <span class='ocrx_word' id='word_1_42' title='bbox 427 1359 659 1452; x_wconf 69' lang='lat' dir='ltr'><strong>intellegunt?</strong></span> <span class='ocrx_word' id='word_1_43' title='bbox 679 1360 741 1430; x_wconf 88' lang='lat' dir='ltr'><strong>sed</strong></span> <span class='ocrx_word' id='word_1_44' title='bbox 759 1359 968 1452; x_wconf 89' lang='lat' dir='ltr'><strong>intellegunt</strong></span> <span class='ocrx_word' id='word_1_45' title='bbox 983 1366 1133 1431; x_wconf 86' lang='lat' dir='ltr'><strong>tantum.</strong></span> <span class='ocrx_word' id='word_1_46' title='bbox 1150 1366 1185 1430; x_wconf 86' lang='lat' dir='ltr'><strong>et</strong></span> <span class='ocrx_word' id='word_1_47' title='bbox 1199 1358 1397 1453; x_wconf 85' lang='lat' dir='ltr'><strong>quodAna·</strong></span> 
     </span>
     <span class='ocr_line' id='line_1_8' title="bbox 318 1496 1397 1577; baseline 0.001 -9"><span class='ocrx_word' id='word_1_48' title='bbox 318 1497 454 1568; x_wconf 87' lang='lat' dir='ltr'><strong>charsis</strong></span> <span class='ocrx_word' id='word_1_49' title='bbox 473 1498 559 1569; x_wconf 87' lang='lat' dir='ltr'><strong>scito</strong></span> <span class='ocrx_word' id='word_1_50' title='bbox 573 1498 657 1568; x_wconf 96' lang='lat' dir='ltr'><strong>olim</strong></span> <span class='ocrx_word' id='word_1_51' title='bbox 676 1498 718 1568; x_wconf 85' lang='lat' dir='ltr'><strong>de</strong></span> <span class='ocrx_word' id='word_1_52' title='bbox 732 1496 1009 1568; x_wconf 79' lang='lat' dir='ltr'><strong>Atheniensibus</strong></span> <span class='ocrx_word' id='word_1_53' title='bbox 1028 1498 1128 1577; x_wconf 79' lang='lat' dir='ltr'><strong>dixit.</strong></span> <span class='ocrx_word' id='word_1_54' title='bbox 1155 1504 1321 1569; x_wconf 69' lang='lat' dir='ltr'><strong>Numinis</strong></span> <span class='ocrx_word' id='word_1_55' title='bbox 1340 1523 1397 1569; x_wconf 82' lang='lat' dir='ltr'><strong>eoa</strong></span> 
     </span>
     <span class='ocr_line' id='line_1_9' title="bbox 319 1637 1395 1720; baseline 0.001 -14"><span class='ocrx_word' id='word_1_56' title='bbox 319 1642 553 1706; x_wconf 81' lang='lat' dir='ltr'><strong>utiduatoacat</strong></span> <span class='ocrx_word' id='word_1_57' title='bbox 566 1642 613 1707; x_wconf 82' lang='lat' dir='ltr'><strong>ud</strong></span> <span class='ocrx_word' id='word_1_58' title='bbox 626 1643 904 1708; x_wconf 75' lang='lat' dir='ltr'><strong>raacaneraadum:</strong></span> <span class='ocrx_word' id='word_1_59' title='bbox 915 1638 966 1708; x_wconf 90' lang='lat' dir='ltr'><strong>sic</strong></span> <span class='ocrx_word' id='word_1_60' title='bbox 979 1637 1037 1709; x_wconf 90' lang='lat' dir='ltr'><strong>isti</strong></span> <span class='ocrx_word' id='word_1_61' title='bbox 1052 1638 1212 1720; x_wconf 89' lang='lat' dir='ltr'><strong>scientia,</strong></span> <span class='ocrx_word' id='word_1_62' title='bbox 1230 1639 1275 1709; x_wconf 94' lang='lat' dir='ltr'><strong>ad</strong></span> <span class='ocrx_word' id='word_1_63' title='bbox 1284 1639 1395 1709; x_wconf 89' lang='lat' dir='ltr'><strong>scien-</strong></span> 
     </span>
     <span class='ocr_line' id='line_1_10' title="bbox 319 1775 1396 1869; baseline 0.003 -24"><span class='ocrx_word' id='word_1_64' title='bbox 319 1775 413 1846; x_wconf 91' lang='lat' dir='ltr'><strong>dum.</strong></span> <span class='ocrx_word' id='word_1_65' title='bbox 440 1775 534 1845; x_wconf 87' lang='lat' dir='ltr'><strong>Vitae</strong></span> <span class='ocrx_word' id='word_1_66' title='bbox 560 1775 802 1869; x_wconf 87' lang='lat' dir='ltr'><strong>factorumque</strong></span> <span class='ocrx_word' id='word_1_67' title='bbox 820 1777 908 1848; x_wconf 88' lang='lat' dir='ltr'><strong>adeo</strong></span> <span class='ocrx_word' id='word_1_68' title='bbox 930 1776 1028 1847; x_wconf 88' lang='lat' dir='ltr'><strong>nulla</strong></span> <span class='ocrx_word' id='word_1_69' title='bbox 1051 1800 1137 1848; x_wconf 91' lang='lat' dir='ltr'><strong>cura</strong></span> <span class='ocrx_word' id='word_1_70' title='bbox 1161 1785 1214 1848; x_wconf 88' lang='lat' dir='ltr'><strong>est</strong></span> <span class='ocrx_word' id='word_1_71' title='bbox 1240 1803 1246 1848; x_wconf 93' lang='lat'>:</span> <span class='ocrx_word' id='word_1_72' title='bbox 1271 1786 1320 1858; x_wconf 86' lang='lat' dir='ltr'><strong>ut,</strong></span> <span class='ocrx_word' id='word_1_73' title='bbox 1342 1801 1396 1847; x_wconf 88' lang='lat' dir='ltr'><strong>mc</strong></span> 
     </span>
     <span class='ocr_line' id='line_1_11' title="bbox 318 1915 1396 2009; baseline 0.002 -25"><span class='ocrx_word' id='word_1_74' title='bbox 318 1938 455 2008; x_wconf 88' lang='lat' dir='ltr'><strong>quoque</strong></span> <span class='ocrx_word' id='word_1_75' title='bbox 480 1915 611 2008; x_wconf 87' lang='lat' dir='ltr'><strong>judice,</strong></span> <span class='ocrx_word' id='word_1_76' title='bbox 638 1938 707 1986; x_wconf 91' lang='lat' dir='ltr'><strong>non</strong></span> <span class='ocrx_word' id='word_1_77' title='bbox 733 1915 867 1987; x_wconf 80' lang='lat' dir='ltr'><strong>trustra</strong></span> <span class='ocrx_word' id='word_1_78' title='bbox 904 1915 1034 1986; x_wconf 85' lang='lat' dir='ltr'><strong>litterae</strong></span> <span class='ocrx_word' id='word_1_79' title='bbox 1076 1917 1113 1986; x_wconf 89' lang='lat' dir='ltr'><strong>in</strong></span> <span class='ocrx_word' id='word_1_80' title='bbox 1142 1917 1269 2009; x_wconf 86' lang='lat' dir='ltr'><strong>vulgus</strong></span> <span class='ocrx_word' id='word_1_81' title='bbox 1304 1917 1396 1986; x_wconf 87' lang='lat' dir='ltr'><strong>malo</strong></span> 
     </span>
     <span class='ocr_line' id='line_1_12' title="bbox 318 2055 1155 2150; baseline 0.004 -25"><span class='ocrx_word' id='word_1_82' title='bbox 318 2055 476 2137; x_wconf 86' lang='lat' dir='ltr'><strong>audiant,</strong></span> <span class='ocrx_word' id='word_1_83' title='bbox 498 2063 667 2150; x_wconf 88' lang='lat' dir='ltr'><strong>tanquam</strong></span> <span class='ocrx_word' id='word_1_84' title='bbox 685 2056 730 2126; x_wconf 89' lang='lat' dir='ltr'><strong>ad</strong></span> <span class='ocrx_word' id='word_1_85' title='bbox 748 2055 940 2150; x_wconf 86' lang='lat' dir='ltr'><strong>nequitiam</strong></span> <span class='ocrx_word' id='word_1_86' title='bbox 960 2058 1155 2149; x_wconf 75' lang='lat' dir='ltr'><strong>magistrae.</strong></span> 
     </span>
    </p>
   </div>
   <div class='ocr_carea' id='block_1_4' title="bbox 308 2681 1395 3747">
    <p class='ocr_par' dir='ltr' id='par_1_4' title="bbox 308 2681 1395 3747">
     <span class='ocr_line' id='line_1_13' title="bbox 367 2681 1391 2776; baseline 0.002 -24"><span class='ocrx_word' id='word_1_87' title='bbox 367 2681 474 2776; x_wconf 82' lang='lat' dir='ltr'><strong>Atqui</strong></span> <span class='ocrx_word' id='word_1_88' title='bbox 510 2683 555 2754; x_wconf 90' lang='lat' dir='ltr'><strong>ad</strong></span> <span class='ocrx_word' id='word_1_89' title='bbox 590 2683 757 2754; x_wconf 90' lang='lat' dir='ltr'><strong>virtutem</strong></span> <span class='ocrx_word' id='word_1_90' title='bbox 795 2707 848 2754; x_wconf 85' lang='lat' dir='ltr'><strong>eae</strong></span> <span class='ocrx_word' id='word_1_91' title='bbox 887 2691 987 2765; x_wconf 88' lang='lat' dir='ltr'><strong>sunt,</strong></span> <span class='ocrx_word' id='word_1_92' title='bbox 1026 2684 1055 2754; x_wconf 93' lang='lat' dir='ltr'><strong>si</strong></span> <span class='ocrx_word' id='word_1_93' title='bbox 1085 2682 1242 2776; x_wconf 79' lang='lat' dir='ltr'><strong>legitime</strong></span> <span class='ocrx_word' id='word_1_94' title='bbox 1272 2688 1391 2765; x_wconf 88' lang='lat' dir='ltr'><strong>utare,</strong></span> 
     </span>
     <span class='ocr_line' id='line_1_14' title="bbox 318 2822 1395 2917; baseline 0.001 -23"><span class='ocrx_word' id='word_1_95' title='bbox 318 2822 535 2916; x_wconf 83' lang='lat' dir='ltr'><strong>Sapientiam</strong></span> <span class='ocrx_word' id='word_1_96' title='bbox 570 2825 673 2894; x_wconf 93' lang='lat' dir='ltr'><strong>modo</strong></span> <span class='ocrx_word' id='word_1_97' title='bbox 708 2824 878 2917; x_wconf 85' lang='lat' dir='ltr'><strong>adjunge,</strong></span> <span class='ocrx_word' id='word_1_98' title='bbox 923 2824 977 2895; x_wconf 90' lang='lat' dir='ltr'><strong>cui</strong></span> <span class='ocrx_word' id='word_1_99' title='bbox 1013 2846 1217 2917; x_wconf 70' lang='lat' dir='ltr'><strong>praeparare</strong></span> <span class='ocrx_word' id='word_1_100' title='bbox 1252 2823 1395 2916; x_wconf 89' lang='lat' dir='ltr'><strong>ingenia</strong></span> 
     </span>
     <span class='ocr_line' id='line_1_15' title="bbox 316 2960 1393 3044; baseline -0.002 -12"><span class='ocrx_word' id='word_1_101' title='bbox 316 2969 440 3034; x_wconf 87' lang='lat' dir='ltr'><strong>nostra</strong></span> <span class='ocrx_word' id='word_1_102' title='bbox 463 2962 593 3034; x_wconf 83' lang='lat' dir='ltr'><strong>litterae</strong></span> <span class='ocrx_word' id='word_1_103' title='bbox 618 2962 759 3044; x_wconf 81' lang='lat' dir='ltr'><strong>debent,</strong></span> <span class='ocrx_word' id='word_1_104' title='bbox 789 2986 858 3033; x_wconf 91' lang='lat' dir='ltr'><strong>non</strong></span> <span class='ocrx_word' id='word_1_105' title='bbox 886 2962 1126 3041; x_wconf 65' lang='lat' dir='ltr'><strong>detinerem,</strong></span> <span class='ocrx_word' id='word_1_106' title='bbox 1149 2969 1210 3032; x_wconf 92' lang='lat' dir='ltr'><strong>aut</strong></span> <span class='ocrx_word' id='word_1_107' title='bbox 1228 2961 1294 3032; x_wconf 91' lang='lat' dir='ltr'><strong>sibi</strong></span> <span class='ocrx_word' id='word_1_108' title='bbox 1317 2960 1393 3031; x_wconf 85' lang='lat' dir='ltr'><strong>vin-</strong></span> 
     </span>
     <span class='ocr_line' id='line_1_16' title="bbox 316 3098 1390 3192; baseline 0.002 -24"><span class='ocrx_word' id='word_1_109' title='bbox 316 3098 448 3170; x_wconf 86' lang='lat' dir='ltr'><strong>dicare.</strong></span> <span class='ocrx_word' id='word_1_110' title='bbox 471 3099 520 3169; x_wconf 91' lang='lat' dir='ltr'><strong>Ut</strong></span> <span class='ocrx_word' id='word_1_111' title='bbox 538 3100 630 3169; x_wconf 90' lang='lat' dir='ltr'><strong>enim</strong></span> <span class='ocrx_word' id='word_1_112' title='bbox 651 3099 797 3170; x_wconf 90' lang='lat' dir='ltr'><strong>arbores</strong></span> <span class='ocrx_word' id='word_1_113' title='bbox 816 3099 979 3192; x_wconf 87' lang='lat' dir='ltr'><strong>quaedam</strong></span> <span class='ocrx_word' id='word_1_114' title='bbox 1002 3099 1154 3170; x_wconf 85' lang='lat' dir='ltr'><strong>fructum</strong></span> <span class='ocrx_word' id='word_1_115' title='bbox 1172 3123 1242 3170; x_wconf 92' lang='lat' dir='ltr'><strong>non</strong></span> <span class='ocrx_word' id='word_1_116' title='bbox 1260 3101 1390 3181; x_wconf 81' lang='lat' dir='ltr'><strong>lerunt,</strong></span> 
     </span>
     <span class='ocr_line' id='line_1_17' title="bbox 316 3210 1391 3308; baseline 0.003 -4"><span class='ocrx_word' id='word_1_117' title='bbox 316 3235 384 3306; x_wconf 91' lang='lat' dir='ltr'><strong>nisi</strong></span> <span class='ocrx_word' id='word_1_118' title='bbox 419 3235 499 3306; x_wconf 87' lang='lat' dir='ltr'><strong>aliis</strong></span> <span class='ocrx_word' id='word_1_119' title='bbox 526 3210 633 3306; x_wconf 30' lang='lat' dir='ltr'><strong>*velut</strong></span> <span class='ocrx_word' id='word_1_120' title='bbox 657 3237 813 3307; x_wconf 85' lang='lat' dir='ltr'><strong>maribus</strong></span> <span class='ocrx_word' id='word_1_121' title='bbox 832 3237 959 3306; x_wconf 79' lang='lat' dir='ltr'><strong>adsitne</strong></span> <span class='ocrx_word' id='word_1_122' title='bbox 981 3262 987 3306; x_wconf 91' lang='lat'>:</span> <span class='ocrx_word' id='word_1_123' title='bbox 1012 3259 1082 3307; x_wconf 92' lang='lat' dir='ltr'><strong>non</strong></span> <span class='ocrx_word' id='word_1_124' title='bbox 1101 3236 1186 3307; x_wconf 90' lang='lat' dir='ltr'><strong>item</strong></span> <span class='ocrx_word' id='word_1_125' title='bbox 1207 3245 1277 3308; x_wconf 71' lang='lat' dir='ltr'><strong>tuae</strong></span> <span class='ocrx_word' id='word_1_126' title='bbox 1313 3236 1391 3307; x_wconf 88' lang='lat' dir='ltr'><strong>istae</strong></span> 
     </span>
     <span class='ocr_line' id='line_1_18' title="bbox 308 3374 1388 3475; baseline 0.001 -30"><span class='ocrx_word' id='word_1_127' title='bbox 308 3375 484 3475; x_wconf 15' lang='lat' dir='ltr'><strong>&#39;virgines</strong></span> <span class='ocrx_word' id='word_1_128' title='bbox 513 3375 582 3446; x_wconf 90' lang='lat' dir='ltr'><strong>nisi</strong></span> <span class='ocrx_word' id='word_1_129' title='bbox 600 3399 679 3447; x_wconf 88' lang='lat' dir='ltr'><strong>cum</strong></span> <span class='ocrx_word' id='word_1_130' title='bbox 705 3374 797 3446; x_wconf 87' lang='lat' dir='ltr'><strong>virili</strong></span> <span class='ocrx_word' id='word_1_131' title='bbox 825 3375 1016 3468; x_wconf 73' lang='lat' dir='ltr'><strong>Sapientiae</strong></span> <span class='ocrx_word' id='word_1_132' title='bbox 1035 3375 1162 3446; x_wconf 88' lang='lat' dir='ltr'><strong>robore</strong></span> <span class='ocrx_word' id='word_1_133' title='bbox 1180 3374 1388 3468; x_wconf 79' lang='lat' dir='ltr'><strong>conjunctae,</strong></span> 
     </span>
     <span class='ocr_line' id='line_1_19' title="bbox 315 3514 1391 3607; baseline -0.001 -23"><span class='ocrx_word' id='word_1_134' title='bbox 315 3514 407 3592; x_wconf 85' lang='lat' dir='ltr'><strong>Quid</strong></span> <span class='ocrx_word' id='word_1_135' title='bbox 439 3514 600 3585; x_wconf 86' lang='lat' dir='ltr'><strong>Tacitum</strong></span> <span class='ocrx_word' id='word_1_136' title='bbox 637 3514 721 3584; x_wconf 92' lang='lat' dir='ltr'><strong>mihi</strong></span> <span class='ocrx_word' id='word_1_137' title='bbox 757 3514 908 3607; x_wconf 89' lang='lat' dir='ltr'><strong>corrigis</strong></span> <span class='ocrx_word' id='word_1_138' title='bbox 947 3536 954 3582; x_wconf 91' lang='lat'>:</span> <span class='ocrx_word' id='word_1_139' title='bbox 991 3514 1021 3583; x_wconf 89' lang='lat' dir='ltr'><strong>si</strong></span> <span class='ocrx_word' id='word_1_140' title='bbox 1050 3515 1125 3585; x_wconf 86' lang='lat' dir='ltr'><strong>vita</strong></span> <span class='ocrx_word' id='word_1_141' title='bbox 1150 3522 1212 3585; x_wconf 87' lang='lat' dir='ltr'><strong>tua</strong></span> <span class='ocrx_word' id='word_1_142' title='bbox 1238 3514 1391 3585; x_wconf 90' lang='lat' dir='ltr'><strong>inemen-</strong></span> 
     </span>
     <span class='ocr_line' id='line_1_20' title="bbox 313 3651 1391 3747; baseline -0.001 -25"><span class='ocrx_word' id='word_1_143' title='bbox 313 3652 398 3723; x_wconf 87' lang='lat' dir='ltr'><strong>data</strong></span> <span class='ocrx_word' id='word_1_144' title='bbox 421 3653 506 3723; x_wconf 78' lang='lat' dir='ltr'><strong>esti</strong></span> <span class='ocrx_word' id='word_1_145' title='bbox 539 3653 631 3730; x_wconf 83' lang='lat' dir='ltr'><strong>Quid</strong></span> <span class='ocrx_word' id='word_1_146' title='bbox 657 3651 902 3747; x_wconf 88' lang='lat' dir='ltr'><strong>Tranquillum</strong></span> <span class='ocrx_word' id='word_1_147' title='bbox 933 3652 1091 3722; x_wconf 88' lang='lat' dir='ltr'><strong>illustras</strong></span> <span class='ocrx_word' id='word_1_148' title='bbox 1128 3679 1134 3720; x_wconf 95' lang='lat'><strong>:</strong></span> <span class='ocrx_word' id='word_1_149' title='bbox 1170 3675 1248 3723; x_wconf 89' lang='lat' dir='ltr'><strong>cum</strong></span> <span class='ocrx_word' id='word_1_150' title='bbox 1283 3659 1320 3722; x_wconf 90' lang='lat' dir='ltr'><strong>tu</strong></span> <span class='ocrx_word' id='word_1_151' title='bbox 1354 3653 1391 3721; x_wconf 89' lang='lat' dir='ltr'><strong>in</strong></span> 
     </span>
    </p>
   </div>
   <div class='ocr_carea' id='block_1_5' title="bbox 312 3789 1389 3863">
    <p class='ocr_par' dir='ltr' id='par_1_5' title="bbox 312 3789 1389 3863">
     <span class='ocr_line' id='line_1_21' title="bbox 312 3789 1389 3863; baseline -0.003 -2"><span class='ocrx_word' id='word_1_152' title='bbox 312 3814 472 3861; x_wconf 88' lang='lat' dir='ltr'><strong>errorum</strong></span> <span class='ocrx_word' id='word_1_153' title='bbox 491 3791 658 3863; x_wconf 88' lang='lat' dir='ltr'><strong>tenebris.</strong></span> <span class='ocrx_word' id='word_1_154' title='bbox 689 3792 816 3863; x_wconf 90' lang='lat' dir='ltr'><strong>Plauto</strong></span> <span class='ocrx_word' id='word_1_155' title='bbox 842 3796 954 3861; x_wconf 51' lang='lat' dir='ltr'><strong>notas¹</strong></span> <span class='ocrx_word' id='word_1_156' title='bbox 972 3796 1033 3859; x_wconf 85' lang='lat' dir='ltr'><strong>aut</strong></span> <span class='ocrx_word' id='word_1_157' title='bbox 1058 3789 1214 3859; x_wconf 90' lang='lat' dir='ltr'><strong>maculas</strong></span> <span class='ocrx_word' id='word_1_158' title='bbox 1232 3789 1389 3860; x_wconf 89' lang='lat' dir='ltr'><strong>studiose</strong></span> 
     </span>
    </p>
   </div>
   <div class='ocr_carea' id='block_1_6' title="bbox 308 3928 1388 4302">
    <p class='ocr_par' dir='ltr' id='par_1_6' title="bbox 308 3928 1388 4302">
     <span class='ocr_line' id='line_1_22' title="bbox 313 3928 1388 4022; baseline -0.001 -23"><span class='ocrx_word' id='word_1_159' title='bbox 313 3929 402 4000; x_wconf 87' lang='lat' dir='ltr'><strong>cluis</strong></span> <span class='ocrx_word' id='word_1_160' title='bbox 437 3952 444 3999; x_wconf 92' lang='lat'>:</span> <span class='ocrx_word' id='word_1_161' title='bbox 476 3953 553 4000; x_wconf 89' lang='lat' dir='ltr'><strong>cum</strong></span> <span class='ocrx_word' id='word_1_162' title='bbox 580 3930 735 4001; x_wconf 80' lang='lat' dir='ltr'><strong>animum</strong></span> <span class='ocrx_word' id='word_1_163' title='bbox 761 3930 965 4001; x_wconf 89' lang='lat' dir='ltr'><strong>sordescere</strong></span> <span class='ocrx_word' id='word_1_164' title='bbox 986 3928 1121 4022; x_wconf 92' lang='lat' dir='ltr'><strong>pateris</strong></span> <span class='ocrx_word' id='word_1_165' title='bbox 1148 3936 1182 3999; x_wconf 87' lang='lat' dir='ltr'><strong>et</strong></span> <span class='ocrx_word' id='word_1_166' title='bbox 1201 3929 1388 4022; x_wconf 72' lang='lat' dir='ltr'><strong>squaleret</strong></span> 
     </span>
     <span class='ocr_line' id='line_1_23' title="bbox 312 4067 1388 4163; baseline -0.002 -24"><span class='ocrx_word' id='word_1_167' title='bbox 312 4070 440 4140; x_wconf 88' lang='lat' dir='ltr'><strong>Transi</strong></span> <span class='ocrx_word' id='word_1_168' title='bbox 473 4069 661 4163; x_wconf 87' lang='lat' dir='ltr'><strong>aliquando</strong></span> <span class='ocrx_word' id='word_1_169' title='bbox 692 4070 738 4140; x_wconf 87' lang='lat' dir='ltr'><strong>ad</strong></span> <span class='ocrx_word' id='word_1_170' title='bbox 764 4070 926 4141; x_wconf 88' lang='lat' dir='ltr'><strong>meliores</strong></span> <span class='ocrx_word' id='word_1_171' title='bbox 953 4092 1057 4140; x_wconf 87' lang='lat' dir='ltr'><strong>curas</strong></span> <span class='ocrx_word' id='word_1_172' title='bbox 1091 4094 1097 4139; x_wconf 94' lang='lat'>:</span> <span class='ocrx_word' id='word_1_173' title='bbox 1133 4075 1168 4139; x_wconf 86' lang='lat' dir='ltr'><strong>et</strong></span> <span class='ocrx_word' id='word_1_174' title='bbox 1192 4067 1388 4139; x_wconf 90' lang='lat' dir='ltr'><strong>doctrinam</strong></span> 
     </span>
     <span class='ocr_line' id='line_1_24' title="bbox 308 4205 1387 4302; baseline -0.003 -23"><span class='ocrx_word' id='word_1_175' title='bbox 308 4232 414 4302; x_wconf 83' lang='lat' dir='ltr'><strong>para,</strong></span> <span class='ocrx_word' id='word_1_176' title='bbox 439 4232 517 4302; x_wconf 79' lang='lat' dir='ltr'><strong>qum</strong></span> <span class='ocrx_word' id='word_1_177' title='bbox 537 4231 605 4279; x_wconf 92' lang='lat' dir='ltr'><strong>non</strong></span> <span class='ocrx_word' id='word_1_178' title='bbox 625 4207 660 4277; x_wconf 93' lang='lat' dir='ltr'><strong>in</strong></span> <span class='ocrx_word' id='word_1_179' title='bbox 679 4231 840 4300; x_wconf 89' lang='lat' dir='ltr'><strong>pompam</strong></span> <span class='ocrx_word' id='word_1_180' title='bbox 860 4209 922 4279; x_wconf 90' lang='lat' dir='ltr'><strong>tibi</strong></span> <span class='ocrx_word' id='word_1_181' title='bbox 944 4209 1164 4301; x_wconf 87' lang='lat' dir='ltr'><strong>speciemque</strong></span> <span class='ocrx_word' id='word_1_182' title='bbox 1191 4209 1249 4290; x_wconf 87' lang='lat' dir='ltr'><strong>sit,</strong></span> <span class='ocrx_word' id='word_1_183' title='bbox 1271 4206 1331 4279; x_wconf 88' lang='lat' dir='ltr'><strong>sed</strong></span> <span class='ocrx_word' id='word_1_184' title='bbox 1352 4205 1387 4276; x_wconf 92' lang='lat' dir='ltr'><strong>in</strong></span> 
     </span>
    </p>
   </div>
   <div class='ocr_carea' id='block_1_7' title="bbox 0 0 1636 5190">
    <p class='ocr_par' dir='ltr' id='par_1_7' title="bbox 0 0 1636 5190">
     <span class='ocr_line' id='line_1_25' title="bbox 0 0 1636 5190; baseline 0 5"><span class='ocrx_word' id='word_1_185' title='bbox 0 0 1636 5190; x_wconf 95' lang='lat' dir='ltr'><strong> </strong></span> 
     </span>
    </p>
   </div>
  </div>
 </body>
</html>
