3262 5190
743 458 985 561 -394-0

243 700 254 714 ,
271 672 280 685 ·
297 639 347 732 pit
366 638 534 729 Longius
554 639 651 707 Bene
670 636 787 719 habet,
806 637 979 730 inquiens,
999 637 1182 730 respiravi.
1201 638 1374 731 Superavi

297 801 418 847 omnes
441 778 675 870 quaestionum
698 778 777 848 illos
802 777 976 871 scopulos
999 778 1167 871 etplenis
1189 778 1263 871 jam
1284 777 1374 849 velis

296 915 412 986 invehi
433 915 517 986 mihi
530 940 635 1009 posse
649 916 769 987 videor
782 917 817 986 in
837 926 988 1010 portum.
1008 917 1180 994 Quartum
1199 917 1375 988 ultimum·

295 1077 361 1146 que
396 1077 509 1124 meum
541 1077 667 1146 agmen
700 1055 876 1149 conspicio
905 1081 912 1125 ε
943 1056 1034 1149 quod
1065 1056 1255 1148 producam
1286 1079 1374 1127 sane

295 1192 421 1262 libens,
437 1193 481 1262 Et
496 1200 533 1262 nt
547 1201 678 1274 nautae,
690 1217 767 1263 cum
782 1194 817 1263 in
833 1202 1040 1291 tempestate
1056 1193 1223 1264 Geminos
1237 1194 1369 1276 vident,

296 1353 392 1421 spem
412 1353 576 1422 magnam
596 1339 630 1401 et
648 1331 867 1401 alacritatem
889 1331 1089 1424 concipiunt
1113 1357 1120 1402 ε
1143 1331 1194 1402 sic
1215 1354 1293 1424 ego,
1314 1333 1373 1402 cui

294 1477 374 1563 post
393 1471 457 1541 hos
470 1471 597 1541 fluctus
616 1470 779 1565 apparuit
794 1470 903 1562 Legio
918 1469 996 1541 haec
1011 1471 1182 1541 Gemella.
1199 1471 1271 1541 Fas
1285 1471 1373 1542 mihi

294 1611 387 1679 enim
405 1610 520 1702 prisco
546 1609 616 1680 ritu
638 1632 716 1680 eam
742 1609 792 1679 ita
818 1609 934 1680 dicere
956 1635 963 1680 :
986 1610 1068 1702 quia
1095 1609 1226 1702 biceps,
1249 1617 1284 1681 et
1300 1609 1371 1682 duo

293 1773 356 1842 per
370 1772 447 1820 eam
462 1749 546 1819 mihi
561 1750 732 1820 vincenda
750 1775 756 1819 :
775 1751 850 1821 Nec
864 1751 989 1842 gravia
1002 1751 1078 1821 haeo
1092 1751 1185 1821 mala
1199 1774 1276 1822 esse
1289 1774 1371 1844 quae

292 1912 384 1958 nunc
402 1888 567 1980 patimur,
590 1889 665 1959 Nec
687 1912 791 1960 nova.
815 1888 853 1958 ld
873 1889 954 1959 dum
976 1889 1142 1971 faeio‚'in
1163 1912 1275 1982 pauca
1292 1889 1371 1960 haec

293 2049 372 2119 quae
391 2035 570 2117 superant,
590 2025 699 2117 Lipsi‚
715 2026 886 2096 volentem
903 2032 1144 2118 attentumque
1158 2034 1192 2096 te
1208 2025 1291 2095 mihi
1307 2026 1366 2098 da.

341 2606 530 2697 Nunquam
546 2603 671 2695 magis
690 2604 817 2695 Longi,
839 2604 981 2698 inquam
1000 2629 1078 2698 ego.
1101 2608 1192 2678 Nam
1211 2631 1265 2677 me
1284 2631 1369 2700 quo-

292 2770 357 2840 que
365 2746 467 2839 juvat
485 2743 641 2814 evasisse
659 2743 720 2813 illa
738 2768 865 2837 aspera
886 2770 893 2814 :
917 2749 988 2815 eta
1005 2745 1100 2816 seria
1119 2753 1153 2816 et
1171 2769 1294 2817 severa
1307 2746 1370 2816 illa

293 2883 465 2954 medicina
478 2882 579 2952 avide
597 2882 716 2974 aspiro
735 2881 885 2953 adhunc
903 2882 1016 2952 lenem
1031 2890 1065 2954 et
1079 2882 1295 2995 popularem
1314 2885 1369 2954 lta

291 3023 383 3092 enim
398 3021 551 3091 futuram
565 3043 643 3090 eam
662 3018 785 3091 titulus
800 3020 885 3090 mihi
904 3020 1048 3092 indicat.

342 3331 416 3400 Nec
435 3352 547 3411 erras,
564 3328 676 3422 inquit
691 3329 863 3422 Langins.
881 3331 974 3400 Nam
989 3338 1026 3401 nt
1043 3331 1168 3403 medici
1182 3341 1366 3427 postquam

293 3473 457 3540 usserunt
471 3473 506 3537 et
519 3475 705 3537 secuerunt
719 3466 818 3550 satis,
833 3490 902 3541 non
919 3467 1084 3539 omittunt
1098 3468 1218 3540 statim
1232 3493 1367 3564 aegrum
1437 3522 1443 3533 .

258 3691 260 3696 ,
292 3617 353 3681 aut
375 3608 566 3701 deponunt,
584 3605 645 3675 sed
665 3605 818 3697 benigna
835 3606 990 3677 fomenta
1008 3609 1170 3701 quaedam
1196 3618 1231 3681 et
1257 3634 1367 3706 acopo

291 3750 470 3832 adhibent,
493 3747 673 3818 doloribus
691 3746 895 3838 mitigandis
924 3775 931 3818 :
962 3752 1014 3820 sic
1039 3751 1074 3820 in
1101 3759 1135 3822 te
1160 3774 1239 3845 ege.
1264 3778 1366 3849 quem
1403 3768 1408 3776 ’
1515 3806 1521 3813 -

291 3891 455 3985 quoniam
473 3888 567 3959 ferro
585 3894 619 3958 et
632 3886 714 3978 igne
733 3885 925 3978 Sapientiae
939 3910 1111 3981 purgasse
1128 3891 1215 3963 satis
1228 3893 1363 3977 videor,

290 4031 427 4104 lenibus
452 4052 544 4099 nunc
566 4026 774 4120 quibusdam
798 4027 961 4121 alloquiis
988 4029 1125 4111 fovebo,
1147 4041 1182 4103 et
1207 4035 1364 4106 tractabo

290 4191 407 4249 manu,
427 4165 516 4260 qnod
537 4163 676 4244 dicitnr,
695 4162 865 4234 molliore.
884 4165 1103 4236 Desccmlam
1118 4191 1160 4238 ex
1170 4168 1229 4240 illo
1245 4170 1364 4241 Philo-
