3262 5190
776 496 959 557 468-

329 677 400 746 ista
413 676 588 768 asperitas
602 676 779 757 increscit,
793 676 822 747 si
833 676 1027 747 lenioribus
1036 676 1199 747 remediis
1213 681 1402 759 attrectes}

328 818 358 887 si
372 817 469 888 duris
491 824 526 887 et
552 817 715 899 fortibus,
733 817 836 888 cedit.
859 815 1081 887 Necessitate
1099 824 1215 886 autem
1233 816 1320 886 nihil
1337 817 1406 887 for-

330 957 399 1028 tius
417 964 484 1038 est,
503 946 585 1050 ¹quae
604 957 680 1034 solo
697 958 829 1051 impetu
848 958 968 1028 mollia
982 958 1221 1050 haec‘agmina
1238 958 1357 1029 obruit
1370 964 1405 1029 et

329 1095 471 1166 avertit.
502 1095 594 1172 Quid
620 1096 713 1166 enim
737 1096 800 1167 tibi
817 1097 872 1168 vis
890 1096 1011 1167 dolori
1030 1119 1099 1167 non
1117 1096 1270 1167 inventis
1289 1095 1404 1167 locum

327 1235 364 1303 in
382 1257 437 1315 ec,
459 1234 552 1327 quod
569 1234 648 1306 fieri
665 1258 735 1306 non
756 1236 869 1307 selum
886 1242 1015 1329 potest,
1037 1235 1100 1306 sed
1118 1235 1234 1306 debet.
1257 1233 1349 1311 Quid
1366 1242 1404 1304 tu

328 1372 491 1465 querela?
510 1382 655 1466 quatere
680 1374 748 1445 hoc
769 1373 913 1445 coeleste
929 1375 1055 1467 jugum
1080 1381 1194 1466 potas
1216 1379 1404 1467 conpotes

327 1518 502 1583 excutere.

486 1698 597 1758 Desine
612 1699 682 1775 fcta
697 1701 791 1760 deum
808 1701 890 1777 flecti
902 1719 1029 1777 spera-re
1043 1699 1222 1777 quaerende

380 1877 414 1947 N
416 1877 614 1948 acessitatis
628 1900 697 1947 non
713 1877 809 1948 aliud
823 1877 990 1970 effugium
1005 1884 1071 1958 est,
1089 1899 1194 1970 quam
1208 1875 1297 1946 velle
1311 1874 1403 1968 quod

331 2014 409 2108 ipsa
437 2024 554 2108 cogat.
584 2016 722 2087 Eximie
744 2015 892 2087 eximius
916 2016 976 2086 ille
995 2016 1199 2109 Sapientum
1224 2041 1231 2085 :
1258 2015 1404 2093 Α’νίκητω

328 2153 556 2237 elvetiorum,
575 2159 626 2222 ἐὰν
645 2154 760 2245 μηδένα
778 2158 881 2249 ἀγῶνα
895 2154 1074 2249 καταὸαίνῃ,
1092 2159 1124 2221 ὃν
1145 2158 1198 2221 οὐκ
1216 2154 1276 2230 ἔςιν
1293 2155 1344 2220 ἐπί
1357 2178 1405 2218 σοι

329 2302 464 2377 νικῆσαι,
486 2302 642 2366 Invictus
659 2320 732 2366 esse
747 2302 895 2385 poteris,
915 2301 948 2365 si
965 2301 1002 2365 in
1015 2302 1150 2365 nultum
1169 2304 1346 2364 certamen
1372 2303 1405 2362 te

329 2439 494 2516 dimittes,
518 2438 667 2521 quodie
687 2443 719 2503 te
742 2457 811 2503 non
837 2443 887 2503 est
909 2440 1049 2503 vincere
1068 2432 1114 2527 (l
1140 2433 1188 2503 At
1210 2432 1291 2503 talis
1312 2455 1405 2525 agon

331 2570 398 2642 iste
416 2594 494 2641 cum
513 2571 736 2642 Necessitate
749 2577 828 2643 est:
850 2595 952 2665 quem
970 2571 1127 2666 quisquis
1147 2571 1306 2664 suscipit,
1327 2593 1405 2641 suc-

330 2710 462 2782 cumbit
487 2735 494 2780 :
521 2719 555 2783 et
573 2712 666 2806 quod
684 2711 798 2804 magis
816 2711 957 2808 mirere,
986 2710 1182 2793 succubuit,
1201 2711 1406 2804 priusquam

330 2853 496 2944 suscepit.

743 3095 846 3166 CAP.
876 3096 998 3166 XXII.

329 3330 468 3410 Ipnevie
478 3329 641 3392 latibulum
652 3329 778 3409 aliquod
785 3331 884 3410 queri
897 3330 1030 3392 solercia
1041 3330 1130 3392 Fato.
1144 3331 1196 3391 sed
1207 3331 1241 3392 id
1252 3331 1407 3394 detectum.

370 3452 488 3515 Fctum
500 3469 588 3531 apere
595 3469 653 3531 per
667 3452 922 3528 ccusscsmedtcs,
935 3471 1023 3533 eoque
1035 3453 1108 3515 iltcs
1119 3454 1313 3516 adhibendae.
1326 3453 1408 3526 Qua-

373 3579 460 3636 teaes
474 3575 630 3637 auciticri
644 3576 767 3655 patrie.
783 3581 934 3654 quatemus
957 3594 1016 3637 uec
1034 3581 1178 3656 oporteat.
1202 3576 1297 3637 Finis
1320 3577 1409 3657 impc-

370 3699 451 3759 situs
456 3698 560 3777 primo
572 3697 648 3758 titre
659 3701 688 3758 ct
698 3697 840 3758 sermoni.

384 3922 430 3990 Et
452 3920 624 3990 sermonis
648 3940 796 4011 pausam
823 3917 880 3988 hic
903 3919 1055 4012 aliquam
1084 3919 1233 3990 faciente
1259 3920 1407 4012 Langio,

333 4059 485 4129 alacrius
504 4058 601 4150 erupi
620 4064 655 4127 et
680 4058 855 4151 interrupi·
873 4081 938 4151 ego
963 4082 970 4126 τ
999 4059 1037 4130 Si
1059 4067 1184 4130 ventus
1202 4058 1259 4130 hic
1277 4058 1409 4129 diutius

364 4254 394 4319 (¹)
414 4253 538 4318 Epictete
552 4253 620 4303 dans
634 4252 841 4305 l'Euchiridion.
