3262 5190
720 427 901 489 -nr-

272 603 331 663 Per
348 603 473 664 insidi-os
493 603 616 673 iterum,
634 608 699 661 octo
719 602 833 661 millia.

273 724 413 804 Aphaeae,
434 744 503 783 cum
525 729 614 801 capto
633 729 724 791 esset,
742 721 920 800 quindecim
943 720 1055 778 ncillio.

272 845 307 904 In
330 852 433 904 monto
454 843 586 902 Garizim
608 842 688 914 coesi,
703 843 847 901 undecim
871 840 974 899 millia
994 845 1023 898 et
1038 839 1101 898 DC.

273 966 398 1043 lotape,
414 964 445 1023 ln
459 983 520 1044 quo
533 963 596 1042 ipse
607 962 766 1041 losephus,
784 961 914 1029 circiter,
938 962 1070 1038 tn'yima
1089 959 1205 1018 millio.

273 1086 367 1164 Joppe
383 1084 494 1144 iterum
510 1091 599 1162 capto
612 1082 774 1152 submersi,
790 1088 938 1159 qnottnor
953 1080 1056 1140 millio
1068 1079 1127 1139 CC.

273 1207 308 1266 ln
323 1205 488 1266 Tarichaeis
501 1206 581 1278 caesi,
595 1223 649 1265 sec
668 1205 770 1264 millio
783 1210 812 1263 et
830 1204 867 1263 D.

274 1331 421 1401 Gamalae,
434 1339 496 1390 tam
509 1328 671 1399 interiecti,
684 1346 776 1406 quarn
791 1333 897 1404 sponte
907 1322 1098 1404 praecipitati,
1110 1339 1221 1380 novem
1233 1318 1356 1377 millio:

356 1468 411 1509 nec
426 1449 589 1528 quisquam
604 1447 695 1506 homo
715 1454 806 1505 natus
826 1463 863 1505 ex
885 1463 921 1503 ea
939 1442 1015 1502 urbe
1028 1441 1139 1509 salvus,
1156 1446 1266 1518 praeter
1280 1436 1360 1496 duas

358 1569 512 1641 mulierem
529 1586 657 1627 sorores.
738 1605 740 1608 ⁴

277 1689 398 1750 Giscala
417 1689 547 1749 deserta.
570 1688 600 1747 in
622 1689 696 1767 iuga
717 1685 861 1748 trucidati
884 1686 927 1745 ln's
947 1684 1033 1743 mille
1054 1691 1085 1741 et
1106 1680 1299 1741 teminorum
1323 1700 1360 1740 oc

359 1829 520 1889 puerorum
538 1809 619 1889 copti
639 1812 701 1869 tm'a
720 1809 835 1869 millio.

278 1929 500 1990 Gadarensium
511 1948 589 1990 caesa
602 1929 748 1989 tredecim
761 1929 864 1987 millio
874 1947 887 2001 ;
902 1926 982 2005 copti
995 1925 1161 1986 duomilia
1174 1932 1206 1984 et
1220 1924 1358 1982 ducenti.

359 2054 474 2114 Praeter
487 2052 603 2132 eosqui
618 2053 648 2112 in
663 2055 778 2113 llomen
792 2051 931 2112 desiliere
946 2049 1070 2110 infiniti.

280 2177 313 2235 In
331 2175 472 2235 ldumaeae
485 2174 560 2234 vicis
580 2174 659 2237 caesi,
677 2175 781 2233 decem
800 2173 915 2231 millia.

281 2295 410 2366 cerasii,
432 2296 530 2354 mirre.
791 2269 792 2272 ‘

282 2417 500 2487 lllochaeronte,
519 2417 604 2474 mille
625 2416 709 2475 DCC.

282 2535 317 2594 In
335 2535 410 2594 silva
424 2533 540 2604 tardes,
561 2535 622 2592 tria
643 2533 757 2593 millia.

283 2654 317 2713 In
333 2653 473 2714 Massada
487 2638 628 2725 Castello‚
644 2672 807 2713 suamonu
822 2653 970 2732 perempti
983 2655 1168 2730 noninyenti
1182 2660 1211 2712 et
1227 2651 1289 2711 Lx.

284 2774 319 2834 In
339 2775 455 2854 Cyrene
475 2777 493 2834 o
510 2775 617 2835 Catulo
637 2773 765 2853 preside
785 2774 864 2844 caesi‚
880 2775 942 2832 trio
962 2774 1076 2832 millia.

284 2896 326 2956 At
342 2896 372 2955 in
394 2896 458 2976 ipsa
474 2896 754 2975 Hierosolymorum
779 2896 864 2962 urbe,
882 2914 935 2974 per
951 2913 1041 2954 omne
1061 2902 1182 2972 tempus
1197 2892 1365 2954 obsidionis

365 3017 478 3077 mortui
503 3026 556 3078 out
578 3017 659 3087 caesi,
675 3017 772 3075 decies
792 3022 920 3074 centena
941 3016 1055 3074 millio.
1083 3014 1175 3093 capti,
1189 3014 1367 3089 nonnyintn

370 3146 482 3214 septem
506 3137 620 3195 millio.

341 3447 485 3519 Summa
508 3446 585 3519 haec
609 3447 742 3539 colligit
765 3448 908 3541 (praeler
930 3449 1133 3518 innumeros
1151 3446 1209 3541 qui
1235 3445 1370 3529 omissi)

220 3577 221 3580 ¹
291 3594 475 3660 duodecies
488 3597 630 3658 centena
645 3597 677 3658 et
691 3592 931 3676 qnodroyintc
945 3592 1070 3657 millio.
1085 3587 1175 3663 Quid
1187 3587 1240 3657 ais
1251 3585 1369 3679 Lipsil

293 3731 414 3825 dejicis
444 3729 489 3800 od
519 3728 596 3800 haeo
620 3728 759 3799 oculosl
783 3727 905 3798 attolle
928 3728 1042 3821 potius
1069 3753 1075 3796 :
1104 3735 1139 3796 ot
1164 3726 1254 3796 aude
1284 3724 1370 3795 mihi

295 3890 500 3960 comparare
515 3888 592 3936 cum
611 3865 713 3936 unius
731 3865 847 3956 gentis
865 3864 977 3946 clade,
999 3863 1132 3957 aliquot
1146 3885 1318 3934 annorum
1334 3862 1370 3931 in

296 4006 380 4078 orbe
400 4003 601 4074 Christiano
616 4002 719 4073 bello.
736 4003 783 4073 At
797 4003 967 4097 quantula
985 4011 1101 4074 tomen
1116 4002 1177 4072 illa
1190 4001 1370 4072 hominum

297 4155 540 4237 terrarumque
553 4165 650 4236 parc,
672 4141 702 4212 si
716 4141 917 4213 conseratur
935 4165 1013 4212 oum
1027 4141 1190 4233 Europol
