3204 5174
779 459 966 520 —116-

328 638 470 725 judicio,
495 639 523 704 si
549 638 670 704 vides:
697 637 784 704 nihil
806 637 858 704 vel
879 638 915 703 iu
937 638 1008 725 ipso
1029 636 1134 725 vulgo
1147 640 1303 726 reperiaS,
1324 642 1411 726 quod

332 771 485 838 adillam
502 772 633 850 attinet,
654 773 826 860 spurcius3
846 770 995 848 stultiuS,
1015 771 1104 859 quod
1120 771 1162 836 ad
1179 772 1254 836 ista.
1275 770 1412 838 Scilicet

332 911 369 968 ut
385 903 516 983 vinum,
540 926 604 992 quo
618 902 667 968 nil
683 902 864 982 salubrius,
884 902 1086 991 quibusdam
1103 903 1137 967 in
1151 924 1318 969 venenum
1335 913 1385 970 est
1402 928 1407 970 :

333 1036 380 1102 sic
397 1037 471 1103 istis
486 1036 713 1124 Philosophia,
729 1058 797 1125 qua
812 1036 1010 1103 abutuntur.

380 1570 425 1636 At
441 1570 524 1637 mihi
541 1569 608 1636 alia
623 1592 728 1650 mens,
750 1571 808 1660 qui
826 1573 940 1639 navim
961 1594 1090 1661 semper
1112 1580 1264 1639 avertens
1284 1572 1410 1639 abillis

334 1706 546 1793 argutiarum
558 1704 710 1784 salebrin,
719 1704 977 1773 velificationem
988 1713 1119 1773 omnem
1130 1705 1235 1773 direxi
1248 1705 1290 1771 ad
1303 1727 1410 1771 unum

266 1897 269 1901 ,
334 1837 525 1925 tranquillae
546 1838 667 1905 mentis
684 1844 830 1927 portum.
850 1837 956 1927 Cujus
978 1838 1081 1906 studii
1099 1839 1164 1905 mei
1179 1839 1325 1926 primum
1349 1859 1409 1904 nec

334 1968 437 2035 fallax
455 1969 622 2057 specimen
637 1989 708 2036 esse
723 1968 816 2036 volui
832 1969 893 2036 hos
907 1969 1021 2036 libros.

379 2254 556 2332 Sedenim,
571 2254 732 2342 inquiunt
744 2216 989 2332 alteri,melius
1001 2261 1034 2321 et
1046 2253 1183 2320 uberius
1196 2254 1406 2323 istaveterea

333 2386 492 2464 Quaedam
516 2407 557 2452 ex
576 2386 663 2463 istic,
686 2385 818 2452 fateor:
845 2386 988 2474 abnego,
1010 2386 1100 2475 quod
1119 2387 1287 2454 universa.
1312 2388 1349 2456 Si
1370 2388 1410 2454 de

332 2486 481 2584 moribus
501 2517 630 2606 aliquid
651 2517 905 2607 adfectibusque
927 2518 1069 2606 carptim
1089 2527 1164 2608 post
1184 2517 1358 2599 Senecam,
1377 2526 1411 2585 et

332 2649 486 2716 divinum
511 2649 606 2717 illum
631 2650 836 2738 Epictetum,
863 2650 1035 2717 scribam:
1061 2671 1114 2716 me
1135 2672 1266 2739 quoque
1278 2650 1406 2739 judice,

331 2805 451 2871 parum
466 2785 574 2851 cordis
590 2783 733 2851 habeam
747 2792 806 2850 aut
822 2783 956 2849 frontis.
977 2783 1066 2850 Atei
1083 2805 1123 2850 ea
1139 2806 1214 2873 quae
1230 2806 1271 2851 ne
1288 2785 1409 2872 attige-

332 2926 411 2983 runt
434 2917 568 3005 quidem
592 2916 655 2993 illi,
679 2924 738 2983 aut
759 2917 937 3004 quisquam
954 2915 1111 3002 (fidenter
1138 2918 1230 2983 enim
1246 2938 1285 2983 ea
1307 2916 1408 2983 adtir-

330 3050 433 3136 mem)
453 3071 494 3116 ex
513 3051 662 3137 antiquis
682 3072 689 3115 :
709 3050 792 3137 quid
810 3048 991 3116 fastidiunt
1017 3059 1076 3116 aut
1102 3056 1263 3140 carpunt?
1282 3050 1408 3118 Solatia

330 3182 427 3249 melis
449 3181 594 3270 publicis
610 3182 762 3270 quaesivi,
786 3183 861 3270 quis
881 3190 961 3249 ante
974 3184 1047 3248 met
1067 3185 1150 3250 Rem
1171 3186 1242 3251 sive
1258 3184 1407 3251 ordinem

330 3315 496 3380 videant:
525 3314 609 3381 mihi
630 3336 670 3381 ea
692 3315 810 3381 debere
838 3313 1047 3394 fatebuntur,
1071 3316 1163 3383 etde
1186 3317 1297 3383 verbis
1325 3315 1407 3403 ipsis

329 3448 402 3537 (fas
430 3447 556 3537 dicere)
584 3470 652 3515 uon
681 3470 720 3516 ea
747 3448 844 3514 nobis
867 3449 998 3536 inopia,
1028 3457 1066 3515 ut
1095 3450 1253 3537 cuiquam
1277 3448 1405 3538 suppli-

330 3601 452 3647 cemus.

373 4112 524 4200 Denique
537 4111 598 4177 hoc
611 4110 721 4177 sciant
737 4134 744 4174 :
764 4109 831 4176 alia
845 4109 956 4199 pluria
968 4109 1044 4176 aliis
1057 4109 1142 4176 mihi
1154 4109 1295 4198 scripta,
1314 4108 1404 4175 hunc

328 4246 453 4311 librum
474 4244 640 4333 praecipue
660 4241 744 4309 mihi
765 4263 771 4306 :
796 4240 855 4307 illa
878 4242 992 4319 famae3
1017 4250 1052 4307 at
1072 4240 1143 4307 haec
1167 4240 1280 4307 saluti.
1308 4238 1403 4318 Quod
