3262 5190
787 497 818 506 -
845 461 967 524 390-

336 641 471 735 sophiae
491 639 602 710 arduo
626 639 727 722 colle,
746 647 780 710 et
798 640 968 710 deducam
984 646 1019 709 te
1043 637 1237 733 paullisper
1250 639 1286 707 in
1305 662 1416 709 amoe·

336 806 400 854 nos
436 781 648 873 Philologiae
686 789 758 851 tuae
793 804 945 874 campos.
995 779 1151 872 ldipsum
1190 786 1308 849 tamen
1343 802 1415 849 non

337 920 529 991 recreando
544 919 656 1011 magis
676 919 752 1000 tibi,
774 942 878 1013 quam
897 918 1069 989 sanando.
1088 918 1142 988 ‘Ut
1161 917 1414 988 Democharem

337 1060 508 1130 medicum
531 1059 630 1130 aiunt
656 1058 832 1130 Considiae
861 1059 998 1129 cuidam
1026 1056 1163 1128 mulieri
1190 1055 1312 1138 nobili,
1335 1079 1416 1149 quae

337 1175 473 1270 omnem
497 1199 712 1292 asperiorem
735 1197 943 1269 medicinam
969 1195 1196 1278 abhorrebat,
1217 1194 1273 1265 lac
1291 1217 1416 1287 capra-

337 1361 415 1407 rum
434 1336 559 1408 callide
573 1337 794 1431 propinasse,
811 1336 873 1407 scd
889 1358 975 1431 quas
991 1335 1138 1405 lentisco
1153 1333 1321 1426 pascebat
1338 1358 1345 1403 :
1364 1332 1417 1402 sic

338 1500 403 1569 ego
421 1476 590 1548 historica
606 1477 768 1569 quaedam
782 1485 817 1546 et
831 1474 1045 1546 oblectantia
1060 1474 1123 1545 tibi
1138 1472 1333 1555 infundam,
1352 1473 1416 1543 sed

337 1615 474 1686 occulto
504 1615 655 1708 quodam
682 1614 873 1707 Sapientiae
905 1636 1008 1684 succo
1040 1613 1161 1684 tincta.
1190 1611 1282 1689 Quid
1307 1609 1416 1681 refert

339 1778 408 1847 qua
426 1754 483 1825 via
497 1777 661 1825 sanemus
675 1776 824 1846 aegrum,
842 1754 923 1823 dum
942 1752 1190 1846 persanemust

759 2223 862 2295 CAP.
892 2223 996 2293 XIX.

338 2477 489 2538 Nectum
502 2476 613 2556 procia
624 2492 683 2536 case
694 2476 1024 2557 autumnitanorum
1035 2478 1189 2540 videntur.
1204 2476 1295 2555 idque
1302 2477 1416 2555 primo,

377 2595 429 2657 sed
443 2596 581 2666 truciter,
600 2594 729 2657 Ratione
742 2601 903 2660 ostensum.
925 2596 1128 2678 Circumjectu
1147 2597 1226 2658 enim
1249 2597 1336 2657 rebus
1350 2596 1414 2675 pte-

379 2734 583 2794 rumqueocne
598 2718 713 2792 timeri,
724 2736 783 2779 noc
796 2719 888 2798 ipsos.

388 2947 457 3019 Sed
481 2948 566 3018 ades
586 2946 662 3040 jam
680 2970 758 3017 mea
779 2946 902 3038 Legio.
924 2955 959 3016 et
983 2954 1021 3016 tu
1041 2952 1122 3015 ante
1144 2967 1266 3015 omnes
1289 2944 1416 3015 cohors

338 3083 465 3175 prima,
488 3107 558 3177 qua
575 3081 786 3176 pugnamus.
809 3084 890 3153 Non
913 3105 991 3153 esse
1009 3082 1135 3174 gravia
1151 3083 1230 3153 haec
1247 3082 1353 3154 mala.
1376 3082 1416 3153 Id

340 3220 469 3313 duplici
495 3222 565 3292 telo
585 3221 746 3291 effectum
768 3219 942 3300 volumus
970 3191 1135 3290 Rationis
1158 3230 1193 3291 ct
1224 3221 1415 3312 Compara-

340 3357 459 3431 tionis.

389 3499 582 3572 Rationis:
606 3500 688 3593 quia
708 3499 805 3570 illam
828 3499 857 3571 si
882 3498 1038 3592 respicio,
1060 3521 1185 3569 revera
1202 3522 1267 3569 nec
1292 3499 1417 3590 gravia

340 3645 402 3709 aut
419 3660 549 3731 magna
569 3637 646 3709 haec
663 3637 781 3708 omnia
798 3661 878 3731 quae
900 3637 1028 3708 adsunt
1051 3661 1199 3732 quaeque
1217 3637 1413 3720 imminent,

341 3776 403 3847 scd
416 3776 579 3847 videntur
594 3784 743 3849 tantum.
755 3775 882 3868 Opinio
897 3782 1042 3869 estquae
1057 3775 1185 3847 attollit
1200 3800 1242 3847 ea
1260 3784 1295 3847 et
1309 3800 1415 3871 exag-

341 3921 457 4007 gerat,
479 3923 513 3985 et
530 3914 625 3985 velut
643 3915 823 3986 cothurnis
842 3915 1050 4010 quibusdam
1069 3921 1187 4008 auget.
1212 3915 1281 3988 Sed
1300 3915 1413 3997 deme,

341 4052 371 4124 si
386 4052 494 4145 sapis,
512 4052 757 4123 circumfusam
778 4076 855 4123 eam
873 4054 1014 4136 nubem,
1038 4060 1073 4125 et
1091 4053 1169 4124 vide
1188 4077 1245 4125 res
1263 4054 1300 4124 in
1318 4053 1417 4125 clara

338 4193 428 4264 luce.
