3262 5190
735 496 857 557 -408
886 528 920 540 -

288 677 426 770 sagacis
456 675 588 768 ingenii
615 674 726 768 pretio
736 677 749 747 ‘i
780 677 860 748 Non
886 675 969 758 alio,
997 699 1101 770 quam
1130 683 1168 748 ut
1193 678 1374 772 quosdam

286 817 460 888 exereitus
478 822 593 886 motus
615 814 736 907 procul
754 814 868 908 pulvis
890 815 1018 887 castris
1036 816 1213 888 interdum
1231 818 1331 890 exuit
1356 848 1366 904 ;

287 958 336 1028 sic
352 979 415 1026 nos
430 954 569 1047 dejiciat
587 955 694 1025 futuri
711 954 924 1025 discriminis
939 955 1029 1026 salsa
1048 978 1143 1050 saepe
1162 957 1301 1028 umbra.

699 2072 803 2143 CAP.
834 2071 938 2142 xxi.

279 2331 383 2410 Mania
396 2329 503 2390 deinde
521 2329 643 2409 proprie
661 2334 689 2390 et
698 2347 800 2409 preme
816 2329 849 2390 id
864 2331 1049 2408 refutatum,
1067 2349 1104 2392 ea
1124 2330 1361 2411 Comparatioue

320 2470 387 2513 cum
408 2451 555 2513 veteribus
575 2451 677 2513 naalia
701 2453 811 2512 Primo
827 2452 863 2512 de
889 2451 983 2521 bellis,
1009 2459 1037 2515 et
1061 2453 1097 2514 de
1116 2452 1201 2516 clade
1216 2453 1360 2515 mirabili

127 2562 130 2567 ’
241 2631 244 2635 ,
318 2572 510 2634 laneorum.

327 2823 374 2893 nt
394 2828 445 2903 tn,
466 2820 576 2913 Lipsi,
599 2819 734 2913 plebeia
752 2822 830 2892 haee
850 2822 948 2894 mitte
969 2847 977 2893 ε
995 2830 1029 2893 et
1047 2822 1092 2893 ad
1111 2822 1355 2916 Comparatio-

278 2988 357 3036 nem
375 2987 430 3033 me
449 2986 608 3056 sequere,
626 2985 730 3055 qnam
748 2964 921 3057 deposciS.
941 2965 1011 3034 Per
1024 2987 1102 3035 eam
1119 2963 1183 3034 tibi
1201 2963 1351 3044 clarum,

276 3126 347 3174 non
365 3102 466 3195 paria
483 3100 594 3171 solum
610 3101 645 3170 in
659 3101 753 3171 omni
767 3123 897 3193 genere
914 3101 1065 3172 cladium
1078 3100 1162 3172 olim
1175 3100 1350 3179 evenisse.

165 3308 169 3317 ,
277 3240 340 3310 sed
354 3239 487 3332 majora
505 3264 511 3307 :
530 3246 564 3307 et
577 3238 742 3329 gratandi
756 3237 940 3308 materiam
953 3238 1034 3310 huic
1047 3262 1124 3311 aevo
1138 3263 1229 3320 esse,
1246 3261 1353 3332 quam

276 3376 469 3473 quaerendi.
491 3375 605 3456 Belle,
626 3374 755 3468 inquis,
782 3374 973 3468 jactamur.
1002 3377 1115 3454 Quinc
1143 3400 1228 3470 ergo
1258 3375 1355 3448 bella

275 3518 372 3590 nulla
386 3517 479 3610 apud
493 3515 651 3609 priseos?
668 3516 741 3585 Ima
756 3524 841 3586 nata
855 3539 909 3598 ea,
927 3517 1037 3609 Lipsi,
1051 3541 1129 3588 eum
1144 3519 1229 3589 orbe
1244 3524 1348 3589 nato:

274 3682 338 3729 nec
351 3655 520 3737 desitura,
538 3654 605 3725 nisi
620 3677 697 3725 enm
711 3654 785 3725 illo.
803 3654 850 3725 At
864 3678 932 3725 non
948 3664 1018 3727 tam
1033 3657 1184 3749 grandia
1197 3658 1351 3730 sortasse

273 3808 334 3873 aut
358 3807 429 3870 tam
450 3795 586 3890 gravia,
607 3819 711 3889 qnam
736 3794 817 3866 ista.
840 3794 937 3866 Adeo
961 3804 1084 3867 centra
1102 3805 1169 3880 est,
1192 3807 1228 3868 ut
1245 3797 1352 3869 ludus

271 3940 349 4011 haec
375 3935 493 4006 omnia
519 3933 589 4002 sint
616 3942 650 4002 et
662 3932 765 4024 jocus
783 3932 888 4026 (serio
911 3932 1047 4027 loquor)
1071 3934 1100 4004 si
1124 3934 1352 4006 conferantur

272 4070 506 4165 cumprimis,
529 4070 608 4139 Non
624 4068 769 4151 aditum,
790 4093 859 4140 non
875 4070 1005 4141 exitum
1026 4070 1128 4143 facile
1146 4073 1297 4167 reperio,
1319 4074 1351 4145 si

271 4211 379 4285 semel
394 4233 447 4280 me
465 4218 610 4303 penetro
629 4207 663 4275 in
679 4207 889 4300 profundum
908 4209 974 4279 hoe
992 4211 1232 4308 exemplorum
1255 4237 1269 4315 :¹
1286 4213 1351 4283 sed
