3204 5174
670 528 673 536 2
745 453 930 516 -rn-

299 638 355 702 cet
379 632 430 701 tui
457 631 602 702 doloris.
630 631 702 703 Aut
720 633 750 702 si
768 633 947 726 paulisper
970 633 1128 726 quiesces
1150 659 1157 704 :
1179 634 1296 705 brevis
1314 633 1374 703 ille

299 768 395 840 velut
419 791 563 840 somnus
589 768 656 839 erit
681 794 688 840 :
711 778 746 839 et
762 793 843 841 mox
861 779 1064 865 experrecto
1091 771 1155 842 tibi
1173 771 1296 842 eadem
1313 780 1374 841 aut

299 905 411 998 major
440 905 562 977 febris.
597 906 768 979 Crescunt
801 907 895 978 enim
935 907 1171 1001 interpollatae
1211 906 1371 1000 quaedam

299 1042 493 1136 cupidines,
510 1050 545 1114 11
558 1043 652 1115 vires
665 1046 807 1137 capiunt
822 1068 865 1117 en
879 1045 1077 1116 intervallo

348 1579 452 1650 Mitte
464 1576 587 1672 igitur,
606 1579 716 1672 Lipsi,
737 1602 830 1651 vana
847 1580 936 1663 haec,
953 1579 1024 1650 imo
1042 1579 1148 1650 noxia
1164 1605 1171 1651 :
1188 1602 1253 1650 nec
1266 1603 1375 1650 reme·

172 1772 183 1780 .
298 1717 370 1801 dia,
392 1716 455 1788 sed
475 1738 640 1787 venena:
670 1739 756 1787 vera
780 1716 843 1787 illa
877 1716 995 1810 potius
1017 1717 1163 1788 admitte
1181 1722 1217 1786 et
1234 1739 1371 1788 severa.

299 1854 418 1926 Solem
428 1853 609 1947 solumque
622 1854 758 1924 mutas?
768 1853 838 1924 imo
848 1854 1016 1936 animum,
1030 1878 1133 1948 quem
1147 1854 1238 1925 male
1251 1854 1376 1925 Adfec-

297 1991 391 2063 tibus
416 1991 645 2100 mancipasti,
675 1991 894 2063 subtractum
919 1992 1088 2085 legitimae
1114 1993 1266 2063 dominae
1296 1993 1371 2064 Ra-

299 2129 400 2211 tioni,
433 2129 488 2201 Ab
518 2130 580 2200 illo
610 2138 774 2223 corrupto
806 2129 883 2201 haec
912 2130 1109 2223 desperatio
1139 2137 1205 2211 est,
1238 2131 1282 2201 ab
1312 2130 1374 2203 illo

299 2270 425 2351 vitiato
442 2269 500 2341 bic
518 2269 682 2360 languor.
704 2269 806 2340 Illum
830 2276 944 2340 mutes
963 2276 1113 2362 oportet,
1139 2291 1209 2339 non
1226 2268 1341 2341 locum
1363 2294 1370 2339 :

299 2415 335 2479 11
352 2407 489 2479 efficere
505 2429 576 2479 non
602 2415 640 2486 ut
663 2405 749 2514 alibi
775 2407 838 2489 sis,
868 2407 929 2478 sed
956 2415 994 2478 ut
1017 2406 1122 2478 alius.
1143 2407 1199 2477 Tu
1223 2406 1374 2478 fertilem

299 2545 398 2617 illam
415 2545 636 2617 Pannoniam
658 2545 778 2617 videre
800 2569 892 2617 nunc
913 2546 1031 2628 ardes,
1053 2553 1088 2617 11
1104 2545 1211 2616 fidam
1232 2546 1374 2616 fortem·

299 2707 367 2778 que
390 2683 578 2767 Viennam,
611 2691 647 2756 et
668 2706 789 2778 regem
811 2684 997 2757 fluviorum
1023 2685 1237 2767 Danubium,
1263 2691 1298 2755 et
1322 2691 1375 2755 tot

299 2823 390 2896 mira
403 2830 439 2895 et
451 2846 556 2907 nova,
569 2846 648 2917 quae
663 2847 835 2918 suspensa
847 2848 932 2895 aure
949 2824 1072 2896 bibant
1085 2823 1268 2895 audientes
1285 2848 1292 2893 :
1313 2823 1374 2892 sed

299 2968 430 3055 quanto
450 2960 588 3043 melius,
612 2960 642 3032 si
659 2961 752 3032 idem
769 2961 826 3032 hic
843 2961 908 3032 tibi
925 2961 970 3032 ad
991 2961 1208 3053 Sapientiam
1225 2961 1375 3053 impetus

299 3105 336 3170 11
352 3097 502 3192 cupido?
520 3098 551 3168 si
568 3104 731 3191 penetres
751 3099 788 3168 in
804 3099 939 3170 feraces
952 3098 1047 3169 illius
1065 3099 1232 3192 camposi
1251 3098 1281 3168 si
1299 3098 1375 3168 son·

299 3243 354 3306 tes
379 3234 615 3305 humanarum
640 3235 946 3327 perturbationum
970 3236 1149 3330 inquirast
1176 3236 1206 3307 si
1224 3236 1320 3307 valla
1341 3244 1377 3307 11

300 3396 401 3446 arces
429 3379 586 3457 extruas,
616 3373 742 3467 quibus
768 3396 891 3445 arceas
915 3381 950 3445 et
976 3375 1143 3447 defendas
1174 3374 1376 3469 cupidinum

299 3511 474 3585 insultus?
499 3511 589 3582 Haec
613 3511 706 3583 enim
722 3534 808 3585 vera
825 3512 938 3584 morbi
962 3513 1014 3584 tui
1040 3514 1223 3586 remedia:
1245 3521 1377 3586 caetera

299 3651 430 3734 omnia,
451 3651 558 3745 panni
576 3658 611 3723 et
628 3652 797 3724 fomenta.
819 3650 919 3724 Nihil
937 3659 972 3724 te
990 3652 1099 3725 abitio
1125 3654 1195 3725 ista
1205 3651 1344 3745 juvabit
1365 3678 1372 3722 :

300 3787 388 3868 nihil

421 3978 428 3991 .
448 3977 454 3991 .
474 3977 481 3991 .
503 3977 510 3991 .
533 3934 664 3992 euasisse
678 3939 720 3992 tot
734 3935 825 3994 urbes

419 4036 591 4113 Arpolieas,
607 4037 784 4115 mediosque
798 4037 910 4115 sapam
926 4040 1057 4098 1111111111
1065 4057 1126 4116 per
1138 4040 1237 4099 hostes
1253 4060 1262 4099 .·

300 4159 437 4242 bostem
456 4156 610 4250 reperies
624 4158 718 4250 apud
736 4165 783 4240 te,
805 4165 840 4229 11
857 4159 893 4229 in
911 4159 981 4231 isto
995 4159 1126 4255 (pectus
1144 4161 1230 4231 mihi
1250 4184 1375 4232 concu-
