<?xml version="1.0" encoding="UTF-8"?>
<!DOCTYPE html PUBLIC "-//W3C//DTD XHTML 1.0 Transitional//EN"
    "http://www.w3.org/TR/xhtml1/DTD/xhtml1-transitional.dtd">
<html xmlns="http://www.w3.org/1999/xhtml" xml:lang="en" lang="en">
 <head>
  <title>
</title>
<meta http-equiv="Content-Type" content="text/html;charset=utf-8" />
  <meta name='ocr-system' content='tesseract 3.04.00' />
  <meta name='ocr-capabilities' content='ocr_page ocr_carea ocr_par ocr_line ocrx_word'/>
</head>
<body>
  <div class='ocr_page' id='page_1' title='image "./traitdelaconsta00boisgoog_0443.png"; bbox 0 0 3262 5190; ppageno 0'>
   <div class='ocr_carea' id='block_1_1' title="bbox 717 487 903 549">
    <p class='ocr_par' dir='ltr' id='par_1_1' title="bbox 717 487 903 549">
     <span class='ocr_line' id='line_1_1' title="bbox 717 487 903 549; baseline -0.005 0"><span class='ocrx_word' id='word_1_1' title='bbox 717 522 753 533; x_wconf 93' lang='lat'><em>-</em></span> <span class='ocrx_word' id='word_1_2' title='bbox 779 487 903 549; x_wconf 73' lang='lat'><strong>438-</strong></span> 
     </span>
    </p>
   </div>
   <div class='ocr_carea' id='block_1_2' title="bbox 271 667 1358 2567">
    <p class='ocr_par' dir='ltr' id='par_1_2' title="bbox 271 667 1358 2567">
     <span class='ocr_line' id='line_1_2' title="bbox 272 667 1356 762; baseline 0.005 -25"><span class='ocrx_word' id='word_1_3' title='bbox 272 667 387 739; x_wconf 87' lang='lat' dir='ltr'><strong>dicere</strong></span> <span class='ocrx_word' id='word_1_4' title='bbox 401 668 459 762; x_wconf 90' lang='lat' dir='ltr'><strong>qui</strong></span> <span class='ocrx_word' id='word_1_5' title='bbox 473 668 538 738; x_wconf 90' lang='lat' dir='ltr'><strong>sub</strong></span> <span class='ocrx_word' id='word_1_6' title='bbox 547 668 710 762; x_wconf 89' lang='lat' dir='ltr'><strong>tyrannis</strong></span> <span class='ocrx_word' id='word_1_7' title='bbox 721 690 887 741; x_wconf 88' lang='lat' dir='ltr'><strong>sensuum</strong></span> <span class='ocrx_word' id='word_1_8' title='bbox 902 692 1045 741; x_wconf 86' lang='lat' dir='ltr'><strong>suorum</strong></span> <span class='ocrx_word' id='word_1_9' title='bbox 1058 691 1182 762; x_wconf 86' lang='lat' dir='ltr'><strong>poenas</strong></span> <span class='ocrx_word' id='word_1_10' title='bbox 1190 668 1356 754; x_wconf 86' lang='lat' dir='ltr'><strong>luerunt,</strong></span> 
     </span>
     <span class='ocr_line' id='line_1_3' title="bbox 271 809 1358 905; baseline -0.001 -23"><span class='ocrx_word' id='word_1_11' title='bbox 271 818 415 905; x_wconf 88' lang='lat' dir='ltr'><strong>propter</strong></span> <span class='ocrx_word' id='word_1_12' title='bbox 432 809 610 882; x_wconf 82' lang='lat' dir='ltr'>incautam</span> <span class='ocrx_word' id='word_1_13' title='bbox 629 811 808 904; x_wconf 70' lang='lat' dir='ltr'><strong>linguam?</strong></span> <span class='ocrx_word' id='word_1_14' title='bbox 827 811 941 889; x_wconf 84' lang='lat' dir='ltr'><strong>Quam</strong></span> <span class='ocrx_word' id='word_1_15' title='bbox 960 812 1060 882; x_wconf 93' lang='lat' dir='ltr'><strong>multi</strong></span> <span class='ocrx_word' id='word_1_16' title='bbox 1075 835 1119 882; x_wconf 86' lang='lat' dir='ltr'><strong>cx</strong></span> <span class='ocrx_word' id='word_1_17' title='bbox 1135 811 1258 882; x_wconf 91' lang='lat' dir='ltr'><strong>iisdem</strong></span> <span class='ocrx_word' id='word_1_18' title='bbox 1280 811 1358 882; x_wconf 89' lang='lat' dir='ltr'><strong>vim</strong></span> 
     </span>
     <span class='ocr_line' id='line_1_4' title="bbox 272 948 1353 1042; baseline -0.001 -22"><span class='ocrx_word' id='word_1_19' title='bbox 272 950 411 1020; x_wconf 87' lang='lat' dir='ltr'><strong>adferre</strong></span> <span class='ocrx_word' id='word_1_20' title='bbox 432 948 575 1042; x_wconf 88' lang='lat' dir='ltr'><strong>judiciis</strong></span> <span class='ocrx_word' id='word_1_21' title='bbox 600 949 740 1023; x_wconf 81' lang='lat' dir='ltr'><strong>conatil</strong></span> <span class='ocrx_word' id='word_1_22' title='bbox 759 957 794 1021; x_wconf 85' lang='lat' dir='ltr'><strong>et</strong></span> <span class='ocrx_word' id='word_1_23' title='bbox 805 948 948 1042; x_wconf 85' lang='lat' dir='ltr'><strong>judiciis</strong></span> <span class='ocrx_word' id='word_1_24' title='bbox 968 948 1045 1020; x_wconf 95' lang='lat' dir='ltr'><strong>dico</strong></span> <span class='ocrx_word' id='word_1_25' title='bbox 1065 949 1101 1019; x_wconf 90' lang='lat' dir='ltr'><strong>in</strong></span> <span class='ocrx_word' id='word_1_26' title='bbox 1127 972 1165 1020; x_wconf 88' lang='lat' dir='ltr'><strong>re</strong></span> <span class='ocrx_word' id='word_1_27' title='bbox 1191 948 1353 1042; x_wconf 71' lang='lat' dir='ltr'><strong>pietatis..</strong></span> 
     </span>
     <span class='ocr_line' id='line_1_5' title="bbox 273 1085 1356 1181; baseline -0.004 -20"><span class='ocrx_word' id='word_1_28' title='bbox 273 1092 466 1161; x_wconf 86' lang='lat' dir='ltr'><strong>Persarum</strong></span> <span class='ocrx_word' id='word_1_29' title='bbox 484 1098 518 1161; x_wconf 89' lang='lat' dir='ltr'><strong>et</strong></span> <span class='ocrx_word' id='word_1_30' title='bbox 532 1089 689 1160; x_wconf 81' lang='lat' dir='ltr'><strong>Orientis</strong></span> <span class='ocrx_word' id='word_1_31' title='bbox 702 1111 805 1181; x_wconf 81' lang='lat' dir='ltr'><strong>reges</strong></span> <span class='ocrx_word' id='word_1_32' title='bbox 819 1089 974 1169; x_wconf 89' lang='lat' dir='ltr'><strong>adorari,</strong></span> <span class='ocrx_word' id='word_1_33' title='bbox 991 1087 1206 1159; x_wconf 83' lang='lat' dir='ltr'><strong>tralaticium</strong></span> <span class='ocrx_word' id='word_1_34' title='bbox 1219 1085 1297 1158; x_wconf 83' lang='lat' dir='ltr'><strong>fuit.</strong></span> <span class='ocrx_word' id='word_1_35' title='bbox 1315 1095 1356 1157; x_wconf 90' lang='lat' dir='ltr'><strong>et</strong></span> 
     </span>
     <span class='ocr_line' id='line_1_6' title="bbox 272 1226 1354 1312; baseline -0.002 -12"><span class='ocrx_word' id='word_1_36' title='bbox 272 1228 524 1312; x_wconf 86' lang='lat' dir='ltr'><strong>Alexandrum,</strong></span> <span class='ocrx_word' id='word_1_37' title='bbox 563 1228 722 1299; x_wconf 88' lang='lat' dir='ltr'><strong>eumdem</strong></span> <span class='ocrx_word' id='word_1_38' title='bbox 762 1227 956 1298; x_wconf 90' lang='lat' dir='ltr'><strong>divinitatis</strong></span> <span class='ocrx_word' id='word_1_39' title='bbox 986 1227 1118 1298; x_wconf 92' lang='lat' dir='ltr'><strong>cultum</strong></span> <span class='ocrx_word' id='word_1_40' title='bbox 1149 1226 1217 1298; x_wconf 90' lang='lat' dir='ltr'><strong>sibi</strong></span> <span class='ocrx_word' id='word_1_41' title='bbox 1246 1227 1354 1298; x_wconf 88' lang='lat' dir='ltr'><strong>adse·</strong></span> 
     </span>
     <span class='ocr_line' id='line_1_7' title="bbox 272 1366 1349 1461; baseline 0 -22"><span class='ocrx_word' id='word_1_42' title='bbox 272 1368 387 1440; x_wconf 89' lang='lat' dir='ltr'><strong>ruisse</strong></span> <span class='ocrx_word' id='word_1_43' title='bbox 411 1367 553 1450; x_wconf 91' lang='lat' dir='ltr'><strong>scimus,</strong></span> <span class='ocrx_word' id='word_1_44' title='bbox 576 1369 707 1439; x_wconf 88' lang='lat' dir='ltr'><strong>rustica</strong></span> <span class='ocrx_word' id='word_1_45' title='bbox 729 1368 940 1440; x_wconf 89' lang='lat' dir='ltr'><strong>Macedonia</strong></span> <span class='ocrx_word' id='word_1_46' title='bbox 969 1391 1035 1439; x_wconf 91' lang='lat' dir='ltr'><strong>sua</strong></span> <span class='ocrx_word' id='word_1_47' title='bbox 1060 1390 1130 1438; x_wconf 92' lang='lat' dir='ltr'><strong>non</strong></span> <span class='ocrx_word' id='word_1_48' title='bbox 1161 1366 1349 1461; x_wconf 86' lang='lat' dir='ltr'><strong>probante.</strong></span> 
     </span>
     <span class='ocr_line' id='line_1_8' title="bbox 274 1508 1352 1603; baseline -0.001 -22"><span class='ocrx_word' id='word_1_49' title='bbox 274 1512 369 1582; x_wconf 88' lang='lat' dir='ltr'><strong>Inter</strong></span> <span class='ocrx_word' id='word_1_50' title='bbox 387 1510 569 1581; x_wconf 90' lang='lat' dir='ltr'><strong>Romanos</strong></span> <span class='ocrx_word' id='word_1_51' title='bbox 588 1510 700 1581; x_wconf 91' lang='lat' dir='ltr'><strong>bonus</strong></span> <span class='ocrx_word' id='word_1_52' title='bbox 725 1509 784 1581; x_wconf 90' lang='lat' dir='ltr'><strong>ille</strong></span> <span class='ocrx_word' id='word_1_53' title='bbox 805 1517 840 1581; x_wconf 85' lang='lat' dir='ltr'><strong>et</strong></span> <span class='ocrx_word' id='word_1_54' title='bbox 863 1509 1066 1582; x_wconf 88' lang='lat' dir='ltr'><strong>moderatus</strong></span> <span class='ocrx_word' id='word_1_55' title='bbox 1088 1508 1258 1603; x_wconf 85' lang='lat' dir='ltr'><strong>Princeps</strong></span> <span class='ocrx_word' id='word_1_56' title='bbox 1276 1508 1352 1580; x_wconf 83' lang='lat' dir='ltr'><strong>Au·</strong></span> 
     </span>
     <span class='ocr_line' id='line_1_9' title="bbox 273 1647 1352 1742; baseline -0.001 -23"><span class='ocrx_word' id='word_1_57' title='bbox 273 1657 412 1742; x_wconf 82' lang='lat' dir='ltr'><strong>gustus,</strong></span> <span class='ocrx_word' id='word_1_58' title='bbox 433 1648 594 1718; x_wconf 85' lang='lat' dir='ltr'><strong>flamines</strong></span> <span class='ocrx_word' id='word_1_59' title='bbox 625 1656 659 1719; x_wconf 90' lang='lat' dir='ltr'><strong>et</strong></span> <span class='ocrx_word' id='word_1_60' title='bbox 690 1649 890 1720; x_wconf 87' lang='lat' dir='ltr'><strong>sacerdotes</strong></span> <span class='ocrx_word' id='word_1_61' title='bbox 920 1649 955 1718; x_wconf 94' lang='lat' dir='ltr'><strong>in</strong></span> <span class='ocrx_word' id='word_1_62' title='bbox 980 1647 1184 1742; x_wconf 84' lang='lat' dir='ltr'><strong>provinciis,</strong></span> <span class='ocrx_word' id='word_1_63' title='bbox 1214 1647 1283 1719; x_wconf 93' lang='lat' dir='ltr'><strong>imo</strong></span> <span class='ocrx_word' id='word_1_64' title='bbox 1314 1648 1352 1718; x_wconf 92' lang='lat' dir='ltr'><strong>in</strong></span> 
     </span>
     <span class='ocr_line' id='line_1_10' title="bbox 273 1786 1354 1880; baseline -0.003 -21"><span class='ocrx_word' id='word_1_65' title='bbox 273 1789 434 1859; x_wconf 92' lang='lat' dir='ltr'><strong>domibus</strong></span> <span class='ocrx_word' id='word_1_66' title='bbox 448 1786 754 1880; x_wconf 75' lang='lat' dir='ltr'><strong>singulishabuit,</strong></span> <span class='ocrx_word' id='word_1_67' title='bbox 773 1796 811 1858; x_wconf 90' lang='lat' dir='ltr'><strong>ut</strong></span> <span class='ocrx_word' id='word_1_68' title='bbox 828 1786 927 1859; x_wconf 88' lang='lat' dir='ltr'><strong>deus.</strong></span> <span class='ocrx_word' id='word_1_69' title='bbox 941 1786 1104 1879; x_wconf 85' lang='lat' dir='ltr'><strong>Caligula</strong></span> <span class='ocrx_word' id='word_1_70' title='bbox 1120 1787 1265 1857; x_wconf 87' lang='lat' dir='ltr'><strong>deorum</strong></span> <span class='ocrx_word' id='word_1_71' title='bbox 1280 1797 1354 1857; x_wconf 90' lang='lat' dir='ltr'><strong>sta·</strong></span> 
     </span>
     <span class='ocr_line' id='line_1_11' title="bbox 273 1925 1352 2022; baseline -0.002 -23"><span class='ocrx_word' id='word_1_72' title='bbox 273 1929 343 1999; x_wconf 89' lang='lat' dir='ltr'><strong>tuis</strong></span> <span class='ocrx_word' id='word_1_73' title='bbox 378 1935 557 2022; x_wconf 91' lang='lat' dir='ltr'><strong>amputato</strong></span> <span class='ocrx_word' id='word_1_74' title='bbox 592 1927 719 2020; x_wconf 88' lang='lat' dir='ltr'><strong>capite,</strong></span> <span class='ocrx_word' id='word_1_75' title='bbox 757 1949 858 1997; x_wconf 92' lang='lat' dir='ltr'><strong>suum</strong></span> <span class='ocrx_word' id='word_1_76' title='bbox 889 1925 1019 2019; x_wconf 92' lang='lat' dir='ltr'><strong>imponi</strong></span> <span class='ocrx_word' id='word_1_77' title='bbox 1044 1925 1163 2020; x_wconf 89' lang='lat' dir='ltr'><strong>jussit,</strong></span> <span class='ocrx_word' id='word_1_78' title='bbox 1202 1926 1352 1997; x_wconf 87' lang='lat' dir='ltr'><strong>ridicula</strong></span> 
     </span>
     <span class='ocr_line' id='line_1_12' title="bbox 273 2064 1351 2160; baseline -0.001 -25"><span class='ocrx_word' id='word_1_79' title='bbox 273 2066 465 2160; x_wconf 88' lang='lat' dir='ltr'><strong>impietate.</strong></span> <span class='ocrx_word' id='word_1_80' title='bbox 494 2064 587 2136; x_wconf 91' lang='lat' dir='ltr'><strong>idem</strong></span> <span class='ocrx_word' id='word_1_81' title='bbox 612 2065 779 2159; x_wconf 87' lang='lat' dir='ltr'><strong>templum</strong></span> <span class='ocrx_word' id='word_1_82' title='bbox 806 2087 870 2136; x_wconf 87' lang='lat' dir='ltr'><strong>suo</strong></span> <span class='ocrx_word' id='word_1_83' title='bbox 894 2065 1040 2147; x_wconf 92' lang='lat' dir='ltr'><strong>numini,</strong></span> <span class='ocrx_word' id='word_1_84' title='bbox 1071 2065 1285 2146; x_wconf 87' lang='lat' dir='ltr'><strong>sacerdotes,</strong></span> <span class='ocrx_word' id='word_1_85' title='bbox 1314 2075 1351 2134; x_wconf 90' lang='lat' dir='ltr'><strong>et</strong></span> 
     </span>
     <span class='ocr_line' id='line_1_13' title="bbox 274 2201 1349 2300; baseline -0.005 -23"><span class='ocrx_word' id='word_1_86' title='bbox 274 2205 542 2300; x_wconf 87' lang='lat' dir='ltr'><strong>quaesitissimas</strong></span> <span class='ocrx_word' id='word_1_87' title='bbox 575 2204 711 2276; x_wconf 89' lang='lat' dir='ltr'><strong>hostias</strong></span> <span class='ocrx_word' id='word_1_88' title='bbox 745 2203 909 2275; x_wconf 89' lang='lat' dir='ltr'><strong>instituit.</strong></span> <span class='ocrx_word' id='word_1_89' title='bbox 940 2204 1036 2275; x_wconf 88' lang='lat' dir='ltr'><strong>Nero</strong></span> <span class='ocrx_word' id='word_1_90' title='bbox 1071 2201 1198 2296; x_wconf 82' lang='lat' dir='ltr'><strong>Apollo</strong></span> <span class='ocrx_word' id='word_1_91' title='bbox 1226 2203 1349 2274; x_wconf 88' lang='lat' dir='ltr'><strong>haberi</strong></span> 
     </span>
     <span class='ocr_line' id='line_1_14' title="bbox 274 2341 1348 2436; baseline -0.003 -24"><span class='ocrx_word' id='word_1_92' title='bbox 274 2343 385 2413; x_wconf 91' lang='lat' dir='ltr'><strong>voluit</strong></span> <span class='ocrx_word' id='word_1_93' title='bbox 408 2368 415 2413; x_wconf 92' lang='lat'>:</span> <span class='ocrx_word' id='word_1_94' title='bbox 438 2349 473 2413; x_wconf 92' lang='lat' dir='ltr'><strong>et</strong></span> <span class='ocrx_word' id='word_1_95' title='bbox 488 2341 718 2412; x_wconf 92' lang='lat' dir='ltr'><strong>illustrissimi</strong></span> <span class='ocrx_word' id='word_1_96' title='bbox 736 2341 861 2411; x_wconf 91' lang='lat' dir='ltr'><strong>civium</strong></span> <span class='ocrx_word' id='word_1_97' title='bbox 883 2341 1057 2413; x_wconf 87' lang='lat' dir='ltr'><strong>interfecti</strong></span> <span class='ocrx_word' id='word_1_98' title='bbox 1078 2341 1146 2413; x_wconf 93' lang='lat' dir='ltr'><strong>hac</strong></span> <span class='ocrx_word' id='word_1_99' title='bbox 1161 2342 1348 2436; x_wconf 82' lang='lat' dir='ltr'><strong>praescrip-</strong></span> 
     </span>
     <span class='ocr_line' id='line_1_15' title="bbox 274 2480 1352 2567; baseline 0 -17"><span class='ocrx_word' id='word_1_100' title='bbox 274 2480 382 2562; x_wconf 86' lang='lat' dir='ltr'><strong>tione,</strong></span> <span class='ocrx_word' id='word_1_101' title='bbox 393 2484 485 2567; x_wconf 79' lang='lat' dir='ltr'><strong>quod</strong></span> <span class='ocrx_word' id='word_1_102' title='bbox 497 2502 678 2565; x_wconf 82' lang='lat' dir='ltr'><strong>nunquam</strong></span> <span class='ocrx_word' id='word_1_103' title='bbox 691 2501 756 2567; x_wconf 83' lang='lat' dir='ltr'><strong>pro</strong></span> <span class='ocrx_word' id='word_1_104' title='bbox 770 2484 898 2550; x_wconf 83' lang='lat' dir='ltr'><strong>coeleati</strong></span> <span class='ocrx_word' id='word_1_105' title='bbox 911 2503 990 2550; x_wconf 75' lang='lat' dir='ltr'><strong>voce</strong></span> <span class='ocrx_word' id='word_1_106' title='bbox 1004 2485 1254 2551; x_wconf 64' lang='lat' dir='ltr'><strong>immolassent.</strong></span> <span class='ocrx_word' id='word_1_107' title='bbox 1269 2480 1290 2550; x_wconf 83' lang='lat' dir='ltr'>J</span> <span class='ocrx_word' id='word_1_108' title='bbox 1294 2503 1352 2550; x_wconf 91' lang='lat' dir='ltr'><strong>am</strong></span> 
     </span>
    </p>
   </div>
   <div class='ocr_carea' id='block_1_3' title="bbox 247 2617 1348 2717">
    <p class='ocr_par' dir='ltr' id='par_1_3' title="bbox 247 2617 1348 2717">
     <span class='ocr_line' id='line_1_16' title="bbox 247 2617 1348 2717; baseline -0.001 -26"><span class='ocrx_word' id='word_1_109' title='bbox 247 2713 248 2717; x_wconf 7' lang='grc' dir='ltr'><strong>Ἰ</strong></span> <span class='ocrx_word' id='word_1_110' title='bbox 275 2617 510 2700; x_wconf 75' lang='lat' dir='ltr'><strong>Domitianus</strong></span> <span class='ocrx_word' id='word_1_111' title='bbox 532 2623 625 2689; x_wconf 84' lang='lat' dir='ltr'><strong>Deus</strong></span> <span class='ocrx_word' id='word_1_112' title='bbox 642 2621 871 2706; x_wconf 76' lang='lat' dir='ltr'><strong>dominosque</strong></span> <span class='ocrx_word' id='word_1_113' title='bbox 890 2628 1018 2699; x_wconf 82' lang='lat' dir='ltr'><strong>noster,</strong></span> <span class='ocrx_word' id='word_1_114' title='bbox 1037 2617 1155 2711; x_wconf 92' lang='lat' dir='ltr'><strong>palam</strong></span> <span class='ocrx_word' id='word_1_115' title='bbox 1169 2618 1348 2690; x_wconf 89' lang='lat' dir='ltr'><strong>audiebat.</strong></span> 
     </span>
    </p>
   </div>
   <div class='ocr_carea' id='block_1_4' title="bbox 275 2754 1352 3129">
    <p class='ocr_par' dir='ltr' id='par_1_4' title="bbox 275 2754 1352 3129">
     <span class='ocr_line' id='line_1_17' title="bbox 276 2754 1348 2851; baseline -0.002 -24"><span class='ocrx_word' id='word_1_116' title='bbox 276 2758 364 2836; x_wconf 87' lang='lat' dir='ltr'><strong>Quae</strong></span> <span class='ocrx_word' id='word_1_117' title='bbox 380 2756 521 2828; x_wconf 89' lang='lat' dir='ltr'><strong>vanitas</strong></span> <span class='ocrx_word' id='word_1_118' title='bbox 534 2757 590 2828; x_wconf 86' lang='lat' dir='ltr'><strong>vel</strong></span> <span class='ocrx_word' id='word_1_119' title='bbox 602 2757 766 2851; x_wconf 88' lang='lat' dir='ltr'><strong>impietas</strong></span> <span class='ocrx_word' id='word_1_120' title='bbox 781 2756 810 2827; x_wconf 89' lang='lat' dir='ltr'><strong>si</strong></span> <span class='ocrx_word' id='word_1_121' title='bbox 824 2755 928 2826; x_wconf 86' lang='lat' dir='ltr'><strong>hodie</strong></span> <span class='ocrx_word' id='word_1_122' title='bbox 941 2755 977 2826; x_wconf 91' lang='lat' dir='ltr'><strong>in</strong></span> <span class='ocrx_word' id='word_1_123' title='bbox 995 2756 1066 2827; x_wconf 93' lang='lat' dir='ltr'><strong>ullo</strong></span> <span class='ocrx_word' id='word_1_124' title='bbox 1081 2777 1217 2848; x_wconf 84' lang='lat' dir='ltr'><strong>regum,</strong></span> <span class='ocrx_word' id='word_1_125' title='bbox 1235 2754 1348 2849; x_wconf 89' lang='lat' dir='ltr'><strong>Lipsi,</strong></span> 
     </span>
     <span class='ocr_line' id='line_1_18' title="bbox 275 2893 1352 2992; baseline -0.005 -24"><span class='ocrx_word' id='word_1_126' title='bbox 275 2898 359 2992; x_wconf 93' lang='lat' dir='ltr'><strong>quid</strong></span> <span class='ocrx_word' id='word_1_127' title='bbox 376 2897 534 2968; x_wconf 81' lang='lat' dir='ltr'><strong>dicerosl</strong></span> <span class='ocrx_word' id='word_1_128' title='bbox 553 2897 629 2967; x_wconf 86' lang='lat' dir='ltr'><strong>Nec</strong></span> <span class='ocrx_word' id='word_1_129' title='bbox 648 2895 824 2988; x_wconf 84' lang='lat' dir='ltr'><strong>adnavigo</strong></span> <span class='ocrx_word' id='word_1_130' title='bbox 847 2893 991 2989; x_wconf 89' lang='lat' dir='ltr'><strong>propius</strong></span> <span class='ocrx_word' id='word_1_131' title='bbox 1009 2893 1101 2964; x_wconf 92' lang='lat' dir='ltr'><strong>hanc</strong></span> <span class='ocrx_word' id='word_1_132' title='bbox 1124 2893 1292 2988; x_wconf 82' lang='lat' dir='ltr'><strong>Scyllam.</strong></span> <span class='ocrx_word' id='word_1_133' title='bbox 1315 2894 1352 2964; x_wconf 92' lang='lat' dir='ltr'><strong>in</strong></span> 
     </span>
     <span class='ocr_line' id='line_1_19' title="bbox 275 3032 1349 3129; baseline 0 -24"><span class='ocrx_word' id='word_1_134' title='bbox 275 3058 378 3129; x_wconf 89' lang='lat' dir='ltr'><strong>quam</strong></span> <span class='ocrx_word' id='word_1_135' title='bbox 394 3057 463 3105; x_wconf 95' lang='lat' dir='ltr'><strong>non</strong></span> <span class='ocrx_word' id='word_1_136' title='bbox 477 3033 619 3105; x_wconf 88' lang='lat' dir='ltr'><strong>trahent</strong></span> <span class='ocrx_word' id='word_1_137' title='bbox 633 3033 835 3127; x_wconf 87' lang='lat' dir='ltr'><strong>autpellent</strong></span> <span class='ocrx_word' id='word_1_138' title='bbox 848 3058 903 3105; x_wconf 87' lang='lat' dir='ltr'><strong>me</strong></span> <span class='ocrx_word' id='word_1_139' title='bbox 916 3034 978 3105; x_wconf 93' lang='lat' dir='ltr'><strong>ulli</strong></span> <span class='ocrx_word' id='word_1_140' title='bbox 993 3032 1223 3104; x_wconf 92' lang='lat' dir='ltr'><strong>ambitionum</strong></span> <span class='ocrx_word' id='word_1_141' title='bbox 1238 3033 1349 3105; x_wconf 87' lang='lat' dir='ltr'><strong>venti.</strong></span> 
     </span>
    </p>
   </div>
   <div class='ocr_carea' id='block_1_5' title="bbox 272 3174 878 3269">
    <p class='ocr_par' dir='ltr' id='par_1_5' title="bbox 272 3174 878 3269">
     <span class='ocr_line' id='line_1_20' title="bbox 272 3174 878 3269; baseline 0.003 -29"><span class='ocrx_word' id='word_1_142' title='bbox 272 3174 440 3240; x_wconf 77' lang='grc' dir='ltr'>Α’κίνδυνον</span> <span class='ocrx_word' id='word_1_143' title='bbox 457 3177 516 3267; x_wconf 73' lang='grc' dir='ltr'><strong>γάρ</strong></span> <span class='ocrx_word' id='word_1_144' title='bbox 534 3176 581 3249; x_wconf 57' lang='lat' dir='ltr'><strong>te?</strong></span> <span class='ocrx_word' id='word_1_145' title='bbox 594 3180 648 3269; x_wconf 74' lang='grc' dir='ltr'><strong>τῄς</strong></span> <span class='ocrx_word' id='word_1_146' title='bbox 667 3177 757 3266; x_wconf 79' lang='grc' dir='ltr'>σιγῆς</span> <span class='ocrx_word' id='word_1_147' title='bbox 775 3175 878 3264; x_wconf 74' lang='grc' dir='ltr'><strong>γέρας.</strong></span> 
     </span>
    </p>
   </div>
   <div class='ocr_carea' id='block_1_6' title="bbox 325 4208 1353 4303">
    <p class='ocr_par' dir='ltr' id='par_1_6' title="bbox 325 4208 1353 4303">
     <span class='ocr_line' id='line_1_21' title="bbox 325 4208 1353 4303; baseline 0.001 -23"><span class='ocrx_word' id='word_1_148' title='bbox 325 4210 441 4280; x_wconf 91' lang='lat' dir='ltr'><strong>Unum</strong></span> <span class='ocrx_word' id='word_1_149' title='bbox 464 4216 600 4280; x_wconf 91' lang='lat' dir='ltr'><strong>tantum</strong></span> <span class='ocrx_word' id='word_1_150' title='bbox 622 4209 657 4279; x_wconf 94' lang='lat' dir='ltr'><strong>in</strong></span> <span class='ocrx_word' id='word_1_151' title='bbox 677 4216 786 4280; x_wconf 88' lang='lat' dir='ltr'><strong>totam</strong></span> <span class='ocrx_word' id='word_1_152' title='bbox 807 4210 898 4282; x_wconf 89' lang='lat' dir='ltr'><strong>hauc</strong></span> <span class='ocrx_word' id='word_1_153' title='bbox 919 4233 993 4280; x_wconf 88' lang='lat' dir='ltr'><strong>rem</strong></span> <span class='ocrx_word' id='word_1_154' title='bbox 1020 4209 1146 4303; x_wconf 84' lang='lat' dir='ltr'><strong>priscae</strong></span> <span class='ocrx_word' id='word_1_155' title='bbox 1172 4208 1353 4281; x_wconf 86' lang='lat' dir='ltr'><strong>servitutis</strong></span> 
     </span>
    </p>
   </div>
   <div class='ocr_carea' id='block_1_7' title="bbox 0 0 1643 5190">
    <p class='ocr_par' dir='ltr' id='par_1_7' title="bbox 0 0 1643 5190">
     <span class='ocr_line' id='line_1_22' title="bbox 0 0 1643 5190; baseline 0 0"><span class='ocrx_word' id='word_1_156' title='bbox 0 0 1643 5190; x_wconf 95' lang='lat' dir='ltr'><strong> </strong></span> 
     </span>
    </p>
   </div>
  </div>
 </body>
</html>
