3262 5190
732 471 914 533 -oze-

281 657 433 742 qtu’nque
451 656 563 721 cultio
587 651 748 721 funerum
767 651 881 733 daret,
907 650 1084 721 interdum
1103 649 1209 722 etiem
1225 657 1375 727 decem.

281 790 419 862 Timide
441 790 507 860 hoc
527 790 678 861 dicerem
706 797 741 861 et
763 790 950 882 ambiguus
975 789 1086 861 fidei:
1108 790 1177 862 nisi
1198 790 1375 864 fidissimi

281 930 361 1000 huic
387 929 439 1000 rei
463 929 589 999 abillo
617 928 693 1022 ipso
717 952 793 999 aevo
819 936 941 1000 testes.
963 929 1039 1000 Nec
1061 928 1176 1000 minus
1198 930 1375 1004 miranda

195 1066 198 1072 ’
280 1067 450 1138 Africana
471 1067 594 1160 pestiS,
623 1089 703 1160 quoe
727 1089 852 1137 eversa
870 1067 1087 1160 Carthagine
1114 1076 1206 1153 orta,
1227 1070 1373 1142 insola

280 1209 449 1281 Numidia
464 1214 669 1299 Oetinqeuto
688 1213 870 1277 homiuum
888 1214 1001 1279 millio
1020 1210 1148 1282 delevit
1170 1236 1177 1282 :
1198 1211 1235 1281 in
1252 1215 1370 1284 mari-

280 1349 367 1419 tima
382 1347 516 1427 Africa,
538 1352 700 1427 ducenta,
723 1354 758 1416 et
783 1346 876 1439 apud
902 1347 1056 1429 Uticam,
1076 1354 1226 1439 triqiuto
1243 1357 1368 1422 millia
1463 1413 1471 1419 .

279 1487 442 1569 militum,
464 1485 522 1579 qui
539 1485 584 1555 ad
603 1507 676 1555 orae
695 1485 770 1578 ejus
787 1485 992 1578 praesidium
1011 1487 1135 1560 relicti.
1158 1490 1367 1585 iterumque

279 1627 315 1697 in
347 1626 500 1698 Graecia.
530 1625 715 1696 Michaelis
742 1626 851 1696 Ducee
881 1625 1042 1719 imperio,
1070 1635 1142 1698 tam
1173 1653 1272 1701 seeve
1302 1629 1367 1710 ὤςε

279 1766 442 1832 α’δυνατεῖν
456 1765 615 1858 (Zonarae
626 1764 735 1835 verba
748 1765 840 1859 sunt)
854 1767 924 1843 τοὺς
938 1767 1053 1846 ζῶντας
1067 1775 1146 1864 ταφῇ
1161 1769 1367 1862 παραδιδόναι

277 1906 347 1981 τοὺς
365 1905 560 1984 θνήσκοντας.
581 1913 619 1972 ut
637 1909 709 1973 oioi
715 1927 869 1992 prorsus
880 1929 988 1993 peres
1000 1929 1070 1976 uon
1083 1919 1195 1977 esseut
1209 1917 1366 1980 mortuis

276 2048 497 2132 sepeliendis,
532 2041 690 2136 Denique
717 2041 922 2112 Pctrarchae
953 2067 1042 2126 aev0,
1071 2053 1109 2116 ut
1137 2046 1211 2138 ipse
1234 2048 1359 2132 refert,

277 2191 349 2253 tam
364 2181 481 2253 valida
495 2182 530 2250 in
545 2181 685 2251 ltaliam
700 2180 869 2262 incubuit,
888 2189 925 2252 nt
939 2205 982 2252 ex
997 2183 1147 2255 millenis
1162 2186 1363 2281 quibusque

276 2322 476 2393 hominibus
494 2322 552 2392 vix
567 2322 686 2393 decem
700 2331 938 2415 superessent.

324 2923 405 2991 lem
431 2921 474 2992 de
499 2922 620 3004 Fame,
648 2923 735 2994 nihil
760 2924 916 3017 profecto
943 2946 1008 2993 nos
1031 2932 1092 2995 aut
1116 2931 1204 2996 aetas
1230 2933 1358 2998 nostra

274 3059 438 3140 vidimus,
457 3060 485 3130 si
505 3060 664 3132 videmus
684 3063 839 3155 antiqua.
866 3063 938 3134 Sub
959 3063 1117 3135 Honorio
1136 3066 1356 3159 Imperatore

275 3200 402 3270 Romae
420 3207 521 3270 tauta
534 3201 664 3270 caritas
686 3208 721 3271 et
735 3202 864 3271 raritas
879 3203 992 3274 omnis
1007 3227 1171 3286 annonae,
1189 3213 1227 3276 ut
1243 3205 1356 3277 homi-

274 3360 337 3408 nes
368 3336 567 3408 hominibus
590 3338 665 3430 jam
701 3338 934 3423 imminerent,
973 3353 1008 3414 et
1041 3343 1077 3413 in
1105 3344 1206 3415 Circo
1234 3344 1354 3438 palam

274 3485 397 3558 audita
415 3486 460 3557 sit
479 3485 541 3557 illa
561 3509 641 3567 von,
667 3488 766 3557 Pons
793 3509 952 3559 ennrmn
980 3513 1145 3560 ennianae
1167 3513 1288 3562 cnnru.
1312 3493 1353 3562 ln

274 3633 349 3697 tote
378 3625 494 3707 ltalia,
522 3625 745 3696 vastantibus
768 3648 845 3694 eam
875 3625 1014 3707 Gothis,
1041 3627 1106 3697 sub
1132 3626 1349 3711 Justiniano,

273 3764 399 3835 iterum
418 3771 537 3847 tenta,
554 3771 593 3834 ut
610 3763 646 3834 in
661 3764 735 3835 solo
753 3764 882 3835 Piceno
896 3770 1155 3854 quinquaqinta
1168 3771 1352 3864 hominum

272 3906 385 3970 millio
409 3901 501 3971 fame
527 3900 724 3973 interierint
750 3928 756 3972 :
784 3911 818 3974 et
844 3903 975 3997 passim
1004 3904 1040 3973 in
1068 3928 1168 3975 usum
1191 3905 1353 3979 ciborum

271 4062 384 4111 versae
412 4038 482 4109 sint
511 4062 581 4109 non
608 4063 732 4111 carnes
759 4041 872 4112 solum
904 4040 1080 4124 humanae,
1110 4044 1171 4114 sed
1195 4043 1351 4116 humana

272 4181 506 4246 excrementa.
520 4176 608 4245 Duae
620 4177 783 4248 mulieres
792 4178 951 4271 (narrare
965 4179 1188 4275 exhorresco)
1197 4190 1349 4276 septem·
