3262 5190
776 458 1020 524 —le-.

325 639 373 711 At
391 639 434 710 de
451 638 682 710 Providentia
699 661 802 710 nemo
825 639 876 710 sic
898 638 1062 733 loquetur
1084 666 1091 712 :
1113 663 1228 724 neme,
1250 642 1406 736 inquam,

329 779 423 851 rebis
441 777 528 873 ipsis
551 801 630 850 eam
648 778 801 861 tribuet,
822 778 914 849 citra
931 778 1147 873 impietatem
1167 787 1230 852 aut
1248 780 1405 853 irrisum.

327 922 424 992 Bene
442 941 528 1013 ergo
541 918 626 1001 dixi,
649 917 686 988 in
706 917 772 989 deo
799 917 896 989 illem
914 940 994 990 esse
1015 917 1107 990 :hoc
1124 923 1146 989 a
1165 919 1231 991 deo
1249 920 1404 1014 quidem,

328 1058 390 1130 sed
403 1057 561 1151 intellegi
574 1056 610 1127 in
629 1057 749 1128 rebus.

372 1255 475 1327 Addo
499 1254 665 1349 amplius,
694 1253 960 1325 Providentiam
978 1260 1014 1326 et
1040 1254 1071 1325 si
1104 1277 1232 1350 reapse
1262 1279 1285 1326 a
1315 1256 1407 1327 Fato

323 1395 550 1478 indivulsam,
571 1401 691 1466 tamen
717 1395 948 1489 praestantius
962 1395 1129 1490 quiddam
1148 1404 1183 1468 et
1196 1397 1296 1490 prius
1314 1398 1406 1469 Fato

323 1535 435 1607 videri
453 1560 460 1606 :
478 1535 530 1607 uti
549 1535 667 1607 Solem
685 1535 889 1630 praecellere
906 1535 1044 1618 lumini,
1061 1536 1299 1608 aeternitatem
1317 1543 1405 1608 tem-

323 1676 414 1771 pori,
435 1674 652 1748 intellectum
666 1675 809 1757 rationi,
819 1674 927 1768 vulgo
937 1675 1134 1747 adserimus
1148 1676 1185 1746 in
1197 1675 1404 1771 Sapientum

324 1816 473 1888 scholis·

374 1980 444 2053 Sed
462 2003 506 2052 ne
520 1980 665 2052 dilatem
682 1979 759 2052 haec
772 1979 903 2063 tristia,
920 1979 988 2052 etsi
1006 1979 1161 2051 nondum
1174 1979 1261 2052 trita
1281 2009 1288 2052 z
1305 1980 1405 2052 vides

324 2118 463 2191 existis
481 2141 645 2190 caussam
662 2117 748 2188 mihi
765 2117 895 2211 justam
918 2117 1145 2201 discriminis,
1168 2119 1322 2214 itemque
1343 2143 1405 2191 no-

326 2259 430 2330 minis
449 2257 577 2329 retenti
595 2264 720 2329 contra
741 2256 913 2328 novitium
937 2261 999 2325 τῶν
1023 2256 1268 2352 θεολογουμὲνωο
1295 2260 1405 2330 Sena·

324 2407 411 2468 tum.
433 2397 527 2467 Nam
553 2394 660 2489 prisci
683 2394 735 2465 illi
760 2402 795 2466 et
821 2394 904 2465 olim
930 2394 1120 2489 conscripti
1140 2397 1290 2478 Patres,
1317 2396 1405 2467 nihil

327 2534 410 2606 mihi
436 2533 594 2604 invident
611 2540 672 2604 aut
691 2532 852 2604 inhibent
869 2532 952 2627 quin
970 2533 1079 2606 verbo
1097 2534 1178 2607 Fati
1202 2535 1239 2606 in
1264 2558 1353 2608 sana
1370 2543 1405 2607 et

326 2697 411 2746 vera
424 2674 567 2745 notione
583 2673 734 2746 fidenter
747 2675 847 2770 utar(
859 2673 882 2769 ).

377 3069 446 3140 Sed
477 3077 516 3139 ut
539 3068 585 3138 ad
610 3067 815 3138 clarandam
841 3067 1081 3138 definitionem
1108 3090 1222 3137 meam
1246 3068 1402 3149 redeam,
1472 3046 1477 3052 ¹

329 3198 398 3268 dixi
415 3197 598 3268 Inhaereus
612 3197 789 3268 decretum
800 3224 808 3281 ;
819 3205 857 3269 ut
871 3198 1092 3269 ostenderem
1107 3199 1258 3293 spectari
1277 3200 1406 3271 Fatum

327 3337 455 3409 debere
468 3338 504 3407 in
518 3336 563 3408 iis
578 3336 624 3408 ad
638 3360 719 3432 quae
736 3338 909 3432 pervenit,
926 3341 1033 3410 nond
1050 3361 1119 3433 quo
1136 3339 1245 3412 venit.

377 3551 521 3635 Addidi,
542 3552 665 3625 Rebus
675 3553 875 3634 mobilibus,
888 3552 975 3624 illud
989 3553 1254 3646 adsignificans.
1277 3555 1405 3627 Fatum

327 3693 441 3786 ipsum
465 3670 533 3765 etsi
557 3693 751 3777 immobile,
778 3701 912 3764 motum
934 3701 1052 3765 tamen
1076 3694 1221 3766 insitum
1244 3708 1280 3767 et
1305 3703 1407 3767 natu-

330 3855 406 3903 ram
420 3855 490 3904 non
509 3832 635 3904 tollere
653 3836 675 3903 a
693 3832 800 3904 rebus
823 3857 830 3904 :
854 3832 916 3904 sed
928 3832 1056 3905 leniter
1079 3840 1115 3904 et
1129 3833 1204 3905 siue
1225 3834 1259 3905 vi
1283 3857 1403 3928 agere,

361 4043 392 4108 (Ι)
410 4043 560 4105 Minutius,
580 4043 700 4107 Isidore3
722 4044 852 4110 Origene,
870 4045 915 4095 liv.
935 4045 1011 4107 vlu,
1032 4045 1156 4109 chapitre
1178 4045 1297 4095 dernier.
1317 4045 1408 4095 Merne

331 4143 409 4193 Saint
422 4142 542 4194 Thomas
556 4143 673 4207 d'Aquin
686 4158 702 4194 u
715 4144 764 4196 luit
777 4159 814 4195 un
826 4144 895 4195 livre
907 4159 955 4196 sur
966 4144 992 4196 le
1005 4145 1113 4207 Destin,
1132 4148 1159 4196 et
1172 4146 1191 4196 il
1209 4145 1241 4196 l'a
1254 4146 1363 4196 intitule
1376 4150 1409 4196 <te

340 4245 394 4290 ato.
