3262 5190
725 457 906 520 —lll-

278 641 425 711 totidem
448 645 616 730 conseptu
639 645 672 708 te
700 637 818 708 videre
838 638 988 708 cladium
1007 636 1251 707 humanarum.
1268 635 1355 705 Am-

275 781 478 875 phitheatre
495 781 572 849 haec
585 779 747 872 quaedam
763 786 845 849 sunt
862 786 897 849 et
910 777 1006 849 velut
1018 776 1161 857 Arenae,
1178 776 1355 870 inquibus

275 918 409 989 cruenti
427 918 478 988 illi
497 918 667 988 Fortuna>
684 918 770 988 ludi.

324 1058 400 1129 Nec
419 1058 525 1149 longe
543 1057 662 1127 oculos
682 1057 793 1128 mitte.
818 1057 956 1131 ltaliam
976 1056 1098 1127 videsl
1119 1054 1273 1125 nondum
1291 1053 1354 1122 tri-

260 1178 377 1287 'ginta
403 1196 603 1277 annisum,
629 1219 707 1266 cum
734 1199 756 1265 a
780 1196 884 1267 saevis
911 1196 1115 1288 asperisque
1137 1193 1182 1264 ab
1209 1199 1356 1285 utroque

273 1337 385 1406 latere
400 1336 503 1407 bellis
521 1336 734 1430 conquievit.
753 1336 879 1406 Latam
898 1334 995 1405 illam
1014 1334 1239 1406 Germaniam
1248 1334 1262 1402 l
1282 1332 1354 1431 Vaj

271 1474 355 1546 lidae
373 1475 409 1544 in
427 1498 470 1545 ea
492 1474 656 1545 scintillae
675 1497 786 1567 nuper
805 1474 943 1545 discidii
961 1473 1075 1544 civilis
1096 1499 1103 1543 :
1126 1496 1206 1566 quae
1227 1472 1354 1543 iterum

272 1612 519 1694 exardescunt,
545 1622 592 1693 et,
621 1612 689 1683 nisi
715 1612 832 1696 fallor,
854 1612 888 1682 in
913 1611 1090 1682 exitialem
1115 1611 1229 1703 magis
1256 1610 1355 1681 ilam-

275 1773 381 1821 mam.
411 1750 655 1821 Britanniaml
677 1759 848 1844 perpetua
874 1750 908 1820 in
928 1773 971 1820 ea
989 1750 1083 1820 bella
1109 1749 1292 1842 caedesque
1320 1757 1355 1819 et

276 1889 368 1981 quod
392 1911 485 1959 nune
501 1888 693 1982 paullisper
711 1888 745 1958 in
760 1910 846 1980 pace
865 1896 931 1968 est,
945 1852 1094 1981 imperio
1116 1887 1219 1958 debet
1239 1886 1354 1981 pacati

276 2049 393 2098 sexus.
412 2026 586 2098 Galliam'l
602 2027 682 2097 vide
701 2034 736 2097 et
757 2026 937 2095 miserere.
966 2024 1074 2095 etiam
1092 2048 1184 2096 nunc
1200 2048 1264 2119 per
1280 2047 1354 2095 om·

276 2187 339 2233 nes
354 2163 429 2258 ejus
447 2164 615 2235 articulos
633 2186 829 2257 gangraena
847 2161 956 2256 serpit
977 2163 1236 2255 sanguinolenti
1256 2162 1350 2235 belli.

276 2301 351 2373 Ne'e
369 2301 473 2373 aliter
487 2303 522 2373 in
544 2310 616 2374 toto
634 2303 731 2374 orbe.

326 2696 414 2773 Quae
434 2695 563 2788 cogita,
586 2696 705 2789 Lipsi;
723 2704 757 2768 et
775 2699 1017 2770 communione
1035 2697 1102 2767 hae
1117 2697 1352 2775 miseriarum,

277 2843 356 2905 tuas
386 2835 477 2906 leva.
503 2834 617 2929 Atque
642 2844 680 2906 ut
707 2836 1004 2930 triumphantibus
1035 2843 1182 2929 arengo
1213 2836 1355 2908 destitui

276 2995 400 3044 servus
419 2973 522 3053 solet,
548 2973 605 3066 qui
630 2973 666 3043 in
687 2973 801 3044 medio
820 2975 985 3069 triumphi
1006 2976 1135 3068 gaudio
1154 2974 1355 3046 idemtidem

275 3109 551 3192 interclamaret‚
576 3111 689 3181 llumo
708 3134 766 3181 es:
796 3112 847 3181 sie
864 3113 927 3182 tibi
954 3113 1107 3183 monitor
1126 3113 1194 3184 iste
1219 3133 1357 3203 semper

276 3248 439 3332 adsistat,
462 3250 552 3320 Esse
569 3249 647 3320 haee
660 3249 826 3321 humana.
846 3252 895 3321 Ut
912 3251 1005 3323 enim
1025 3252 1128 3324 labor
1147 3277 1225 3324 cum
1247 3250 1356 3345 pluri-

276 3388 341 3458 hus
358 3389 636 3461 communicatus
654 3389 766 3461 levior
781 3390 827 3462 sit
849 3417 855 3462 :
879 3392 929 3463 sic
946 3393 1029 3464 item
1049 3393 1162 3465 dolor.
