<?xml version="1.0" encoding="UTF-8"?>
<!DOCTYPE html PUBLIC "-//W3C//DTD XHTML 1.0 Transitional//EN"
    "http://www.w3.org/TR/xhtml1/DTD/xhtml1-transitional.dtd">
<html xmlns="http://www.w3.org/1999/xhtml" xml:lang="en" lang="en">
 <head>
  <title>
</title>
<meta http-equiv="Content-Type" content="text/html;charset=utf-8" />
  <meta name='ocr-system' content='tesseract 3.04.00' />
  <meta name='ocr-capabilities' content='ocr_page ocr_carea ocr_par ocr_line ocrx_word'/>
</head>
<body>
  <div class='ocr_page' id='page_1' title='image "./traitdelaconsta00boisgoog_0353.png"; bbox 0 0 3262 5190; ppageno 0'>
   <div class='ocr_carea' id='block_1_1' title="bbox 727 491 908 554">
    <p class='ocr_par' dir='ltr' id='par_1_1' title="bbox 727 491 908 554">
     <span class='ocr_line' id='line_1_1' title="bbox 727 491 908 554; baseline 0.017 -3"><span class='ocrx_word' id='word_1_1' title='bbox 727 491 847 554; x_wconf 75' lang='lat'>-348</span> <span class='ocrx_word' id='word_1_2' title='bbox 871 524 908 536; x_wconf 92' lang='lat'>-</span> 
     </span>
    </p>
   </div>
   <div class='ocr_carea' id='block_1_2' title="bbox 275 660 1429 1319">
    <p class='ocr_par' dir='ltr' id='par_1_2' title="bbox 275 660 1429 1319">
     <span class='ocr_line' id='line_1_2' title="bbox 276 660 1353 764; baseline 0 -22"><span class='ocrx_word' id='word_1_3' title='bbox 276 679 311 742; x_wconf 85' lang='lat' dir='ltr'><strong>ei</strong></span> <span class='ocrx_word' id='word_1_4' title='bbox 339 670 505 764; x_wconf 85' lang='lat' dir='ltr'><strong>quidquid</strong></span> <span class='ocrx_word' id='word_1_5' title='bbox 537 693 639 741; x_wconf 79' lang='lat' dir='ltr'><strong>noxae</strong></span> <span class='ocrx_word' id='word_1_6' title='bbox 665 670 829 762; x_wconf 77' lang='lat' dir='ltr'><strong>privatim</strong></span> <span class='ocrx_word' id='word_1_7' title='bbox 856 660 958 742; x_wconf 83' lang='lat' dir='ltr'><strong>nobis</strong></span> <span class='ocrx_word' id='word_1_8' title='bbox 988 671 1149 754; x_wconf 84' lang='lat' dir='ltr'><strong>infertur,</strong></span> <span class='ocrx_word' id='word_1_9' title='bbox 1185 672 1353 764; x_wconf 77' lang='lat' dir='ltr'><strong>prodesse</strong></span> 
     </span>
     <span class='ocr_line' id='line_1_3' title="bbox 276 810 1354 913; baseline 0 -32"><span class='ocrx_word' id='word_1_10' title='bbox 276 811 428 881; x_wconf 85' lang='lat' dir='ltr'><strong>sciamus</strong></span> <span class='ocrx_word' id='word_1_11' title='bbox 460 810 497 879; x_wconf 88' lang='lat' dir='ltr'><strong>in</strong></span> <span class='ocrx_word' id='word_1_12' title='bbox 520 817 619 902; x_wconf 84' lang='lat' dir='ltr'><strong>parte</strong></span> <span class='ocrx_word' id='word_1_13' title='bbox 651 810 771 913; x_wconf 76' lang='lat' dir='ltr'><strong>aliqua</strong></span> <span class='ocrx_word' id='word_1_14' title='bbox 797 810 976 883; x_wconf 89' lang='lat' dir='ltr'><strong>Universi.</strong></span> <span class='ocrx_word' id='word_1_15' title='bbox 1011 810 1126 903; x_wconf 89' lang='lat' dir='ltr'><strong>Hujus</strong></span> <span class='ocrx_word' id='word_1_16' title='bbox 1148 811 1264 902; x_wconf 82' lang='lat' dir='ltr'><strong>gentis</strong></span> <span class='ocrx_word' id='word_1_17' title='bbox 1292 819 1354 882; x_wconf 86' lang='lat' dir='ltr'><strong>aut</strong></span> 
     </span>
     <span class='ocr_line' id='line_1_4' title="bbox 276 948 1349 1042; baseline 0 -23"><span class='ocrx_word' id='word_1_18' title='bbox 276 951 377 1042; x_wconf 78' lang='lat' dir='ltr'><strong>iegni</strong></span> <span class='ocrx_word' id='word_1_19' title='bbox 394 949 570 1032; x_wconf 83' lang='lat' dir='ltr'><strong>interitus,</strong></span> <span class='ocrx_word' id='word_1_20' title='bbox 588 948 733 1020; x_wconf 83' lang='lat' dir='ltr'><strong>alterius</strong></span> <span class='ocrx_word' id='word_1_21' title='bbox 752 958 851 1021; x_wconf 88' lang='lat' dir='ltr'><strong>ortus</strong></span> <span class='ocrx_word' id='word_1_22' title='bbox 869 949 937 1020; x_wconf 87' lang='lat' dir='ltr'><strong>erit</strong></span> <span class='ocrx_word' id='word_1_23' title='bbox 955 975 962 1020; x_wconf 94' lang='lat'><strong>:</strong></span> <span class='ocrx_word' id='word_1_24' title='bbox 979 949 1074 1021; x_wconf 91' lang='lat' dir='ltr'><strong>illius</strong></span> <span class='ocrx_word' id='word_1_25' title='bbox 1089 949 1183 1042; x_wconf 90' lang='lat' dir='ltr'><strong>opidi</strong></span> <span class='ocrx_word' id='word_1_26' title='bbox 1197 949 1349 1030; x_wconf 70' lang='lat' dir='ltr'><strong>occasio</strong></span> 
     </span>
     <span class='ocr_line' id='line_1_5' title="bbox 276 1085 1353 1180; baseline 0 -22"><span class='ocrx_word' id='word_1_27' title='bbox 276 1087 467 1159; x_wconf 78' lang='lat' dir='ltr'>exstructio</span> <span class='ocrx_word' id='word_1_28' title='bbox 489 1087 570 1157; x_wconf 89' lang='lat' dir='ltr'><strong>novi</strong></span> <span class='ocrx_word' id='word_1_29' title='bbox 592 1112 598 1157; x_wconf 95' lang='lat'><strong>:</strong></span> <span class='ocrx_word' id='word_1_30' title='bbox 623 1110 687 1157; x_wconf 86' lang='lat' dir='ltr'><strong>nee</strong></span> <span class='ocrx_word' id='word_1_31' title='bbox 701 1085 889 1180; x_wconf 85' lang='lat' dir='ltr'>quidquam</span> <span class='ocrx_word' id='word_1_32' title='bbox 903 1087 1044 1180; x_wconf 89' lang='lat' dir='ltr'><strong>proprie</strong></span> <span class='ocrx_word' id='word_1_33' title='bbox 1062 1086 1118 1156; x_wconf 86' lang='lat' dir='ltr'><strong>hie</strong></span> <span class='ocrx_word' id='word_1_34' title='bbox 1135 1087 1268 1169; x_wconf 78' lang='lat' dir='ltr'><strong>interit,</strong></span> <span class='ocrx_word' id='word_1_35' title='bbox 1290 1087 1353 1158; x_wconf 86' lang='lat' dir='ltr'><strong>sed</strong></span> 
     </span>
     <span class='ocr_line' id='line_1_6' title="bbox 275 1226 1429 1319; baseline -0.002 -21"><span class='ocrx_word' id='word_1_36' title='bbox 275 1235 400 1299; x_wconf 80' lang='lat' dir='ltr'><strong>mutat.</strong></span> <span class='ocrx_word' id='word_1_37' title='bbox 424 1227 480 1297; x_wconf 84' lang='lat' dir='ltr'><strong>An</strong></span> <span class='ocrx_word' id='word_1_38' title='bbox 502 1227 566 1297; x_wconf 90' lang='lat' dir='ltr'><strong>soli</strong></span> <span class='ocrx_word' id='word_1_39' title='bbox 590 1226 713 1318; x_wconf 81' lang='lat' dir='ltr'><strong>Belgae</strong></span> <span class='ocrx_word' id='word_1_40' title='bbox 738 1249 803 1298; x_wconf 88' lang='lat' dir='ltr'><strong>nos</strong></span> <span class='ocrx_word' id='word_1_41' title='bbox 828 1227 946 1297; x_wconf 82' lang='lat' dir='ltr'><strong>eximii</strong></span> <span class='ocrx_word' id='word_1_42' title='bbox 969 1227 1063 1319; x_wconf 85' lang='lat' dir='ltr'><strong>apud</strong></span> <span class='ocrx_word' id='word_1_43' title='bbox 1087 1226 1191 1296; x_wconf 89' lang='lat' dir='ltr'><strong>deum</strong></span> <span class='ocrx_word' id='word_1_44' title='bbox 1217 1226 1351 1297; x_wconf 79' lang='lat' dir='ltr'><strong>simusi</strong></span> <span class='ocrx_word' id='word_1_45' title='bbox 1427 1292 1429 1296; x_wconf 85' lang='lat'>.</span> 
     </span>
    </p>
   </div>
   <div class='ocr_carea' id='block_1_3' title="bbox 274 1350 1351 1587">
    <p class='ocr_par' dir='ltr' id='par_1_3' title="bbox 274 1350 1351 1587">
     <span class='ocr_line' id='line_1_7' title="bbox 275 1350 1350 1458; baseline -0.001 -22"><span class='ocrx_word' id='word_1_46' title='bbox 275 1364 342 1436; x_wconf 89' lang='lat' dir='ltr'><strong>soli</strong></span> <span class='ocrx_word' id='word_1_47' title='bbox 366 1364 486 1435; x_wconf 83' lang='lat' dir='ltr'><strong>felices</strong></span> <span class='ocrx_word' id='word_1_48' title='bbox 502 1350 685 1458; x_wconf 72' lang='lat' dir='ltr'><strong>perpetuo</strong></span> <span class='ocrx_word' id='word_1_49' title='bbox 709 1372 744 1436; x_wconf 80' lang='lat' dir='ltr'><strong>ei</strong></span> <span class='ocrx_word' id='word_1_50' title='bbox 771 1365 940 1435; x_wconf 86' lang='lat' dir='ltr'><strong>Fortunae</strong></span> <span class='ocrx_word' id='word_1_51' title='bbox 963 1370 1101 1435; x_wconf 80' lang='lat' dir='ltr'>tantum</span> <span class='ocrx_word' id='word_1_52' title='bbox 1126 1365 1218 1435; x_wconf 82' lang='lat' dir='ltr'>albae</span> <span class='ocrx_word' id='word_1_53' title='bbox 1241 1365 1350 1458; x_wconf 78' lang='lat' dir='ltr'><strong>pullii</strong></span> 
     </span>
     <span class='ocr_line' id='line_1_8' title="bbox 274 1493 1351 1587; baseline 0 -23"><span class='ocrx_word' id='word_1_54' title='bbox 274 1494 405 1587; x_wconf 84' lang='lat' dir='ltr'><strong>inepti!</strong></span> <span class='ocrx_word' id='word_1_55' title='bbox 427 1494 546 1587; x_wconf 88' lang='lat' dir='ltr'><strong>plures</strong></span> <span class='ocrx_word' id='word_1_56' title='bbox 564 1493 634 1565; x_wconf 90' lang='lat' dir='ltr'><strong>imo</strong></span> <span class='ocrx_word' id='word_1_57' title='bbox 660 1494 763 1565; x_wconf 89' lang='lat' dir='ltr'><strong>liberi</strong></span> <span class='ocrx_word' id='word_1_58' title='bbox 787 1516 915 1586; x_wconf 83' lang='lat' dir='ltr'><strong>magno</strong></span> <span class='ocrx_word' id='word_1_59' title='bbox 932 1494 985 1564; x_wconf 91' lang='lat' dir='ltr'><strong>illi</strong></span> <span class='ocrx_word' id='word_1_60' title='bbox 1003 1493 1097 1587; x_wconf 82' lang='lat' dir='ltr'><strong>patri</strong></span> <span class='ocrx_word' id='word_1_61' title='bbox 1123 1501 1233 1565; x_wconf 84' lang='lat' dir='ltr'><strong>sunt:</strong></span> <span class='ocrx_word' id='word_1_62' title='bbox 1263 1516 1351 1586; x_wconf 91' lang='lat' dir='ltr'><strong>quos</strong></span> 
     </span>
    </p>
   </div>
   <div class='ocr_carea' id='block_1_4' title="bbox 272 1633 1347 1728">
    <p class='ocr_par' dir='ltr' id='par_1_4' title="bbox 272 1633 1347 1728">
     <span class='ocr_line' id='line_1_9' title="bbox 272 1633 1347 1728; baseline -0.001 -24"><span class='ocrx_word' id='word_1_63' title='bbox 272 1633 448 1726; x_wconf 81' lang='lat' dir='ltr'><strong>permitto,</strong></span> <span class='ocrx_word' id='word_1_64' title='bbox 474 1633 639 1726; x_wconf 88' lang='lat' dir='ltr'><strong>quoniam</strong></span> <span class='ocrx_word' id='word_1_65' title='bbox 670 1633 773 1705; x_wconf 90' lang='lat' dir='ltr'><strong>simul</strong></span> <span class='ocrx_word' id='word_1_66' title='bbox 802 1658 924 1705; x_wconf 88' lang='lat' dir='ltr'><strong>omnes</strong></span> <span class='ocrx_word' id='word_1_67' title='bbox 947 1657 1017 1705; x_wconf 91' lang='lat' dir='ltr'><strong>non</strong></span> <span class='ocrx_word' id='word_1_68' title='bbox 1038 1633 1114 1705; x_wconf 83' lang='lat' dir='ltr'>vult</span> <span class='ocrx_word' id='word_1_69' title='bbox 1131 1642 1193 1706; x_wconf 79' lang='lat' dir='ltr'><strong>aui</strong></span> <span class='ocrx_word' id='word_1_70' title='bbox 1219 1640 1347 1728; x_wconf 77' lang='lat' dir='ltr'><strong>potest,</strong></span> 
     </span>
    </p>
   </div>
   <div class='ocr_carea' id='block_1_5' title="bbox 271 1770 1351 1863">
    <p class='ocr_par' dir='ltr' id='par_1_5' title="bbox 271 1770 1351 1863">
     <span class='ocr_line' id='line_1_10' title="bbox 271 1770 1351 1863; baseline 0 -21"><span class='ocrx_word' id='word_1_71' title='bbox 271 1772 392 1842; x_wconf 82' lang='lat' dir='ltr'><strong>foveat</strong></span> <span class='ocrx_word' id='word_1_72' title='bbox 406 1776 441 1840; x_wconf 86' lang='lat' dir='ltr'><strong>et</strong></span> <span class='ocrx_word' id='word_1_73' title='bbox 455 1771 490 1839; x_wconf 93' lang='lat' dir='ltr'><strong>in</strong></span> <span class='ocrx_word' id='word_1_74' title='bbox 505 1770 620 1840; x_wconf 83' lang='lat' dir='ltr'><strong>sinum</strong></span> <span class='ocrx_word' id='word_1_75' title='bbox 634 1770 781 1863; x_wconf 83' lang='lat' dir='ltr'><strong>recipiat</strong></span> <span class='ocrx_word' id='word_1_76' title='bbox 793 1793 856 1863; x_wconf 90' lang='lat' dir='ltr'><strong>per</strong></span> <span class='ocrx_word' id='word_1_77' title='bbox 869 1771 1070 1843; x_wconf 79' lang='lat' dir='ltr'><strong>intervalla.</strong></span> <span class='ocrx_word' id='word_1_78' title='bbox 1087 1772 1235 1843; x_wconf 83' lang='lat' dir='ltr'><strong>Fulsere</strong></span> <span class='ocrx_word' id='word_1_79' title='bbox 1249 1772 1351 1844; x_wconf 91' lang='lat' dir='ltr'><strong>nobis</strong></span> 
     </span>
    </p>
   </div>
   <div class='ocr_carea' id='block_1_6' title="bbox 274 1908 1350 2003">
    <p class='ocr_par' dir='ltr' id='par_1_6' title="bbox 274 1908 1350 2003">
     <span class='ocr_line' id='line_1_11' title="bbox 274 1908 1350 2003; baseline 0.002 -23"><span class='ocrx_word' id='word_1_80' title='bbox 274 1910 386 1981; x_wconf 82' lang='lat' dir='ltr'><strong>nostri</strong></span> <span class='ocrx_word' id='word_1_81' title='bbox 406 1909 498 1981; x_wconf 88' lang='lat' dir='ltr'><strong>soles</strong></span> <span class='ocrx_word' id='word_1_82' title='bbox 520 1935 527 1980; x_wconf 94' lang='lat'>:</span> <span class='ocrx_word' id='word_1_83' title='bbox 546 1932 615 1980; x_wconf 85' lang='lat' dir='ltr'><strong>nox</strong></span> <span class='ocrx_word' id='word_1_84' title='bbox 633 1908 813 2003; x_wconf 81' lang='lat' dir='ltr'><strong>paulisper</strong></span> <span class='ocrx_word' id='word_1_85' title='bbox 837 1910 894 1981; x_wconf 89' lang='lat' dir='ltr'><strong>hio</strong></span> <span class='ocrx_word' id='word_1_86' title='bbox 920 1933 1012 1982; x_wconf 87' lang='lat' dir='ltr'>nunc</span> <span class='ocrx_word' id='word_1_87' title='bbox 1034 1911 1092 1993; x_wconf 85' lang='lat' dir='ltr'><strong>sit,</strong></span> <span class='ocrx_word' id='word_1_88' title='bbox 1114 1918 1149 1982; x_wconf 88' lang='lat' dir='ltr'><strong>et</strong></span> <span class='ocrx_word' id='word_1_89' title='bbox 1174 1911 1350 1983; x_wconf 84' lang='lat' dir='ltr'><strong>radiatum</strong></span> 
     </span>
    </p>
   </div>
   <div class='ocr_carea' id='block_1_7' title="bbox 273 2056 1352 2560">
    <p class='ocr_par' dir='ltr' id='par_1_7' title="bbox 273 2056 1352 2560">
     <span class='ocr_line' id='line_1_12' title="bbox 273 2056 1348 2150; baseline 0.002 -23"><span class='ocrx_word' id='word_1_90' title='bbox 273 2057 361 2129; x_wconf 90' lang='lat' dir='ltr'><strong>illud</strong></span> <span class='ocrx_word' id='word_1_91' title='bbox 378 2057 497 2128; x_wconf 87' lang='lat' dir='ltr'><strong>lumen</strong></span> <span class='ocrx_word' id='word_1_92' title='bbox 522 2056 627 2127; x_wconf 77' lang='lat' dir='ltr'><strong>abeat</strong></span> <span class='ocrx_word' id='word_1_93' title='bbox 652 2056 697 2127; x_wconf 79' lang='lat' dir='ltr'><strong>ad</strong></span> <span class='ocrx_word' id='word_1_94' title='bbox 724 2056 918 2150; x_wconf 85' lang='lat' dir='ltr'><strong>Hesperios</strong></span> <span class='ocrx_word' id='word_1_95' title='bbox 942 2064 977 2129; x_wconf 83' lang='lat' dir='ltr'><strong>ei</strong></span> <span class='ocrx_word' id='word_1_96' title='bbox 1000 2080 1177 2130; x_wconf 82' lang='lat' dir='ltr'><strong>occasum.</strong></span> <span class='ocrx_word' id='word_1_97' title='bbox 1200 2058 1348 2137; x_wconf 79' lang='lat' dir='ltr'><strong>Seneca,</strong></span> 
     </span>
     <span class='ocr_line' id='line_1_13' title="bbox 274 2195 1352 2289; baseline -0.001 -22"><span class='ocrx_word' id='word_1_98' title='bbox 274 2202 312 2267; x_wconf 83' lang='lat' dir='ltr'><strong>ut</strong></span> <span class='ocrx_word' id='word_1_99' title='bbox 338 2196 440 2277; x_wconf 80' lang='lat' dir='ltr'><strong>solet,</strong></span> <span class='ocrx_word' id='word_1_100' title='bbox 462 2196 507 2266; x_wconf 84' lang='lat' dir='ltr'><strong>ad</strong></span> <span class='ocrx_word' id='word_1_101' title='bbox 525 2195 617 2266; x_wconf 85' lang='lat' dir='ltr'>hanc</span> <span class='ocrx_word' id='word_1_102' title='bbox 642 2218 716 2266; x_wconf 87' lang='lat' dir='ltr'><strong>rem</strong></span> <span class='ocrx_word' id='word_1_103' title='bbox 735 2203 816 2288; x_wconf 77' lang='lat' dir='ltr'><strong>apte</strong></span> <span class='ocrx_word' id='word_1_104' title='bbox 835 2196 958 2267; x_wconf 82' lang='lat' dir='ltr'><strong>etalio</strong></span> <span class='ocrx_word' id='word_1_105' title='bbox 984 2222 990 2266; x_wconf 96' lang='lat'>:</span> <span class='ocrx_word' id='word_1_106' title='bbox 1013 2195 1078 2265; x_wconf 91' lang='lat' dir='ltr'><strong>Vir</strong></span> <span class='ocrx_word' id='word_1_107' title='bbox 1101 2196 1242 2289; x_wconf 82' lang='lat' dir='ltr'><strong>sapiens</strong></span> <span class='ocrx_word' id='word_1_108' title='bbox 1260 2201 1352 2266; x_wconf 78' lang='lat' dir='ltr'><strong>nihii</strong></span> 
     </span>
     <span class='ocr_line' id='line_1_14' title="bbox 274 2337 1352 2423; baseline 0.002 -21"><span class='ocrx_word' id='word_1_109' title='bbox 274 2339 481 2423; x_wconf 76' lang='lat' dir='ltr'><strong>indipneiur</strong></span> <span class='ocrx_word' id='word_1_110' title='bbox 500 2337 568 2402; x_wconf 82' lang='lat' dir='ltr'><strong>sibi</strong></span> <span class='ocrx_word' id='word_1_111' title='bbox 592 2338 762 2412; x_wconf 83' lang='lat' dir='ltr'><strong>accidere,</strong></span> <span class='ocrx_word' id='word_1_112' title='bbox 780 2337 935 2420; x_wconf 78' lang='lat' dir='ltr'><strong>sciatque</strong></span> <span class='ocrx_word' id='word_1_113' title='bbox 951 2338 1013 2402; x_wconf 86' lang='lat' dir='ltr'><strong>iiia</strong></span> <span class='ocrx_word' id='word_1_114' title='bbox 1030 2339 1109 2422; x_wconf 82' lang='lat' dir='ltr'><strong>ipsa</strong></span> <span class='ocrx_word' id='word_1_115' title='bbox 1127 2337 1251 2422; x_wconf 82' lang='lat' dir='ltr'><strong>quibus</strong></span> <span class='ocrx_word' id='word_1_116' title='bbox 1268 2339 1352 2404; x_wconf 82' lang='lat' dir='ltr'><strong>ioecii</strong></span> 
     </span>
     <span class='ocr_line' id='line_1_15' title="bbox 273 2475 1349 2560; baseline 0.003 -20"><span class='ocrx_word' id='word_1_117' title='bbox 273 2476 422 2552; x_wconf 76' lang='lat' dir='ltr'><strong>videtur,</strong></span> <span class='ocrx_word' id='word_1_118' title='bbox 444 2476 492 2540; x_wconf 87' lang='lat' dir='ltr'><strong>od</strong></span> <span class='ocrx_word' id='word_1_119' title='bbox 517 2476 817 2541; x_wconf 82' lang='lat' dir='ltr'><strong>conservationem</strong></span> <span class='ocrx_word' id='word_1_120' title='bbox 848 2475 1011 2540; x_wconf 78' lang='lat' dir='ltr'><strong>Universi</strong></span> <span class='ocrx_word' id='word_1_121' title='bbox 1032 2478 1224 2560; x_wconf 81' lang='lat' dir='ltr'><strong>pertinere,</strong></span> <span class='ocrx_word' id='word_1_122' title='bbox 1244 2483 1278 2543; x_wconf 82' lang='lat' dir='ltr'><strong>ei</strong></span> <span class='ocrx_word' id='word_1_123' title='bbox 1302 2497 1349 2543; x_wconf 75' lang='lat' dir='ltr'><strong>eor</strong></span> 
     </span>
    </p>
   </div>
   <div class='ocr_carea' id='block_1_8' title="bbox 275 2614 1347 2698">
    <p class='ocr_par' dir='ltr' id='par_1_8' title="bbox 275 2614 1347 2698">
     <span class='ocr_line' id='line_1_16' title="bbox 275 2614 1347 2698; baseline 0.007 -21"><span class='ocrx_word' id='word_1_124' title='bbox 275 2614 330 2679; x_wconf 77' lang='lat' dir='ltr'><strong>iris</strong></span> <span class='ocrx_word' id='word_1_125' title='bbox 346 2634 420 2680; x_wconf 83' lang='lat' dir='ltr'><strong>esse</strong></span> <span class='ocrx_word' id='word_1_126' title='bbox 437 2634 515 2697; x_wconf 82' lang='lat' dir='ltr'><strong>quoe</strong></span> <span class='ocrx_word' id='word_1_127' title='bbox 536 2634 678 2680; x_wconf 83' lang='lat' dir='ltr'><strong>cursum</strong></span> <span class='ocrx_word' id='word_1_128' title='bbox 698 2614 823 2679; x_wconf 80' lang='lat' dir='ltr'><strong>mundi</strong></span> <span class='ocrx_word' id='word_1_129' title='bbox 843 2614 1062 2698; x_wconf 76' lang='lat' dir='ltr'><strong>officiumque</strong></span> <span class='ocrx_word' id='word_1_130' title='bbox 1091 2622 1347 2693; x_wconf 76' lang='lat' dir='ltr'><strong>consummant.</strong></span> 
     </span>
    </p>
   </div>
   <div class='ocr_carea' id='block_1_9' title="bbox 703 3523 922 3597">
    <p class='ocr_par' dir='ltr' id='par_1_9' title="bbox 703 3523 922 3597">
     <span class='ocr_line' id='line_1_17' title="bbox 703 3523 922 3597; baseline 0.005 -2"><span class='ocrx_word' id='word_1_131' title='bbox 703 3523 806 3596; x_wconf 80' lang='lat' dir='ltr'>CAP.</span> <span class='ocrx_word' id='word_1_132' title='bbox 837 3525 922 3597; x_wconf 89' lang='lat' dir='ltr'>XII.</span> 
     </span>
    </p>
   </div>
   <div class='ocr_carea' id='block_1_10' title="bbox 274 3757 1349 3963">
    <p class='ocr_par' dir='ltr' id='par_1_10' title="bbox 274 3757 1349 3963">
     <span class='ocr_line' id='line_1_18' title="bbox 274 3757 1349 3839; baseline 0.004 -21"><span class='ocrx_word' id='word_1_133' title='bbox 274 3757 388 3819; x_wconf 78' lang='lat' dir='ltr'><strong>Oooiro</strong></span> <span class='ocrx_word' id='word_1_134' title='bbox 395 3759 556 3837; x_wconf 69' lang='lat' dir='ltr'><strong>justitiam</strong></span> <span class='ocrx_word' id='word_1_135' title='bbox 569 3757 708 3818; x_wconf 78' lang='lat' dir='ltr'><strong>divinam</strong></span> <span class='ocrx_word' id='word_1_136' title='bbox 719 3762 802 3820; x_wconf 79' lang='lat' dir='ltr'><strong>vetur</strong></span> <span class='ocrx_word' id='word_1_137' title='bbox 816 3764 844 3820; x_wconf 82' lang='lat' dir='ltr'><strong>ei</strong></span> <span class='ocrx_word' id='word_1_138' title='bbox 854 3761 982 3839; x_wconf 74' lang='lat' dir='ltr'><strong>ooipaio</strong></span> <span class='ocrx_word' id='word_1_139' title='bbox 996 3760 1117 3839; x_wconf 76' lang='lat' dir='ltr'><strong>objectio</strong></span> <span class='ocrx_word' id='word_1_140' title='bbox 1129 3783 1138 3819; x_wconf 91' lang='grc'><strong>.·</strong></span> <span class='ocrx_word' id='word_1_141' title='bbox 1150 3778 1208 3836; x_wconf 74' lang='lat' dir='ltr'><strong>rur</strong></span> <span class='ocrx_word' id='word_1_142' title='bbox 1215 3761 1349 3837; x_wconf 76' lang='lat' dir='ltr'><strong>impares</strong></span> 
     </span>
     <span class='ocr_line' id='line_1_19' title="bbox 329 3881 1287 3963; baseline 0.001 -21"><span class='ocrx_word' id='word_1_143' title='bbox 329 3883 444 3960; x_wconf 74' lang='lat' dir='ltr'><strong>paeoae?</strong></span> <span class='ocrx_word' id='word_1_144' title='bbox 459 3898 493 3941; x_wconf 82' lang='lat' dir='ltr'><strong>eo</strong></span> <span class='ocrx_word' id='word_1_145' title='bbox 507 3881 667 3959; x_wconf 74' lang='lat' dir='ltr'><strong>inquisitio</strong></span> <span class='ocrx_word' id='word_1_146' title='bbox 681 3881 717 3942; x_wconf 83' lang='lat' dir='ltr'><strong>oi</strong></span> <span class='ocrx_word' id='word_1_147' title='bbox 733 3881 851 3942; x_wconf 71' lang='lat' dir='ltr'><strong>homine</strong></span> <span class='ocrx_word' id='word_1_148' title='bbox 865 3888 990 3957; x_wconf 77' lang='lat' dir='ltr'><strong>remoto,</strong></span> <span class='ocrx_word' id='word_1_149' title='bbox 1007 3889 1035 3944; x_wconf 83' lang='lat' dir='ltr'><strong>ei</strong></span> <span class='ocrx_word' id='word_1_150' title='bbox 1049 3888 1165 3946; x_wconf 74' lang='lat' dir='ltr'><strong>ostenso</strong></span> <span class='ocrx_word' id='word_1_151' title='bbox 1181 3885 1287 3963; x_wconf 84' lang='lat' dir='ltr'><strong>impio.</strong></span> 
     </span>
    </p>
   </div>
   <div class='ocr_carea' id='block_1_11' title="bbox 272 4075 1348 4309">
    <p class='ocr_par' dir='ltr' id='par_1_11' title="bbox 272 4075 1348 4309">
     <span class='ocr_line' id='line_1_20' title="bbox 322 4075 1345 4173; baseline 0.005 -27"><span class='ocrx_word' id='word_1_152' title='bbox 322 4077 407 4146; x_wconf 87' lang='lat' dir='ltr'><strong>Cum</strong></span> <span class='ocrx_word' id='word_1_153' title='bbox 441 4075 695 4168; x_wconf 82' lang='lat' dir='ltr'><strong>inierjungerei</strong></span> <span class='ocrx_word' id='word_1_154' title='bbox 725 4075 783 4146; x_wconf 91' lang='lat' dir='ltr'><strong>hic</strong></span> <span class='ocrx_word' id='word_1_155' title='bbox 812 4077 969 4169; x_wconf 83' lang='lat' dir='ltr'><strong>paullum</strong></span> <span class='ocrx_word' id='word_1_156' title='bbox 999 4079 1176 4171; x_wconf 77' lang='lat' dir='ltr'><strong>Longius,</strong></span> <span class='ocrx_word' id='word_1_157' title='bbox 1211 4080 1345 4173; x_wconf 63' lang='lat' dir='ltr'><strong>excepi.</strong></span> 
     </span>
     <span class='ocr_line' id='line_1_21' title="bbox 272 4214 1348 4309; baseline 0.007 -24"><span class='ocrx_word' id='word_1_158' title='bbox 272 4216 372 4294; x_wconf 86' lang='lat' dir='ltr'><strong>Quod</strong></span> <span class='ocrx_word' id='word_1_159' title='bbox 403 4216 480 4286; x_wconf 88' lang='lat' dir='ltr'><strong>fons</strong></span> <span class='ocrx_word' id='word_1_160' title='bbox 505 4238 607 4309; x_wconf 83' lang='lat' dir='ltr'>aquae</span> <span class='ocrx_word' id='word_1_161' title='bbox 637 4214 831 4287; x_wconf 82' lang='lat' dir='ltr'><strong>viatoribus</strong></span> <span class='ocrx_word' id='word_1_162' title='bbox 859 4216 895 4286; x_wconf 92' lang='lat' dir='ltr'><strong>in</strong></span> <span class='ocrx_word' id='word_1_163' title='bbox 926 4225 1016 4289; x_wconf 79' lang='lat' dir='ltr'><strong>aestu</strong></span> <span class='ocrx_word' id='word_1_164' title='bbox 1049 4245 1054 4288; x_wconf 95' lang='lat'><strong>:</strong></span> <span class='ocrx_word' id='word_1_165' title='bbox 1086 4219 1122 4290; x_wconf 92' lang='lat' dir='ltr'><strong>id</strong></span> <span class='ocrx_word' id='word_1_166' title='bbox 1153 4219 1237 4291; x_wconf 92' lang='lat' dir='ltr'><strong>mihi</strong></span> <span class='ocrx_word' id='word_1_167' title='bbox 1268 4227 1348 4293; x_wconf 79' lang='lat' dir='ltr'><strong>tuus</strong></span> 
     </span>
    </p>
   </div>
   <div class='ocr_carea' id='block_1_12' title="bbox 0 0 1636 5190">
    <p class='ocr_par' dir='ltr' id='par_1_12' title="bbox 0 0 1636 5190">
     <span class='ocr_line' id='line_1_22' title="bbox 0 0 1636 5190; baseline 0 1"><span class='ocrx_word' id='word_1_168' title='bbox 0 0 1636 5190; x_wconf 95' lang='lat' dir='ltr'><strong> </strong></span> 
     </span>
    </p>
   </div>
  </div>
 </body>
</html>
