3262 5190
752 1476 856 1550 OAP.
888 1479 953 1549 IX,

307 1723 475 1785 Simulatis
501 1742 535 1786 ea
554 1724 672 1786 clarius
694 1728 814 1801 relecta,
841 1730 870 1786 et
900 1723 935 1784 ab
961 1725 1117 1804 exemplis,
1140 1723 1235 1785 obiter
1260 1723 1295 1785 de
1320 1742 1390 1784 vera

348 1850 464 1911 Patria
488 1848 614 1914 dietum.
639 1852 712 1912 ilem
737 1852 861 1914 malitie
891 1852 1048 1913 lominum
1072 1851 1276 1933 §audentium
1300 1852 1392 1913 melis

349 1973 471 2050 alienis
486 1992 552 2036 eum
568 1974 629 2055 ipsi
644 1979 733 2036 encra
746 1991 791 2035 ea.

357 2228 480 2321 ltaque
496 2251 615 2298 eoram
633 2234 669 2298 te
681 2225 800 2320 judice
819 2227 896 2298 haee
916 2251 1026 2299 eausa
1042 2235 1183 2320 agatur,
1205 2235 1240 2299 et
1266 2228 1302 2298 in
1330 2234 1390 2299 tuo

306 2367 474 2438 tribunali
498 2393 504 2437 :
527 2368 602 2448 sed,
626 2368 719 2461 quod
738 2366 834 2447 olim,
856 2366 972 2437 levato
992 2368 1082 2438 vele.
1107 2367 1243 2461 Nempe
1261 2366 1390 2438 bellurn

305 2504 372 2576 hoe
390 2505 505 2576 times
528 2506 630 2577 times
644 2508 726 2577 curi
742 2507 824 2599 quia
842 2507 951 2599 pestis
966 2514 1001 2578 et
1018 2506 1191 2600 pernicies
1205 2507 1391 2600 conjuncta

306 2644 412 2718 belle.
436 2646 553 2718 Pestis
571 2646 635 2718 illa
657 2646 702 2719 ad
727 2649 836 2740 quos'l
859 2670 953 2719 nunc
971 2647 1016 2718 ad
1039 2646 1129 2720 alios
1154 2647 1306 2741 quidem,
1329 2646 1390 2718 sed

305 2786 507 2879 perlingere
524 2787 631 2859 eiiam
649 2788 694 2859 nd
716 2797 751 2860 te
769 2794 897 2881 potest.
920 2789 975 2859 En
995 2795 1101 2881 caput
1119 2788 1169 2859 tui
1190 2788 1322 2859 doloris
1341 2786 1391 2882 (si

305 2949 426 2997 verum
442 2926 545 2998 fateri
567 2927 643 2998 sine
662 2926 782 2998 eculeo
804 2926 878 2999 ullo
898 2925 963 3020 vis)
981 2950 1025 2997 en
1051 2927 1202 2998 fontem!
1230 2928 1280 2997 Ut
1297 2927 1390 2997 enim

306 3088 384 3136 cum
410 3066 541 3136 fulmen
566 3067 602 3135 in
629 3089 737 3135 unum
761 3064 913 3157 aliquem
936 3065 1074 3147 cecidit,
1100 3065 1208 3136 etiam
1230 3065 1254 3134 ii
1276 3065 1388 3157 quiin
1451 3154 1456 3167 N

305 3203 464 3294 proximo
483 3203 637 3284 stabant,
654 3209 873 3274 tremuerunt
890 3229 897 3273 :
916 3202 967 3274 sic
984 3202 1020 3272 in
1040 3202 1178 3295 magnis
1197 3202 1275 3274 istis
1294 3225 1388 3275 com·

304 3340 537 3433 munibusque
547 3339 716 3434 cladibus
725 3340 943 3411 damnumed
956 3363 1085 3434 paucos
1094 3341 1265 3435 pervenit,
1275 3347 1388 3412 metus

305 3478 351 3548 ad
365 3500 499 3549 omnes,
518 3477 629 3554 Quem
644 3477 674 3548 si
688 3478 796 3579 tollis
814 3479 911 3551 tollis
925 3501 996 3550 una
1009 3479 1102 3550 hune
1114 3478 1284 3552 dolorem.
1297 3480 1389 3551 Ecce

305 3617 434 3690 bellum
450 3617 481 3689 si
502 3618 595 3711 apud
612 3617 803 3712 AEthiopas
822 3625 884 3690 aut
902 3619 1008 3689 lndos
1027 3626 1186 3710 geratur,
1208 3617 1296 3689 nihil
1314 3642 1388 3689 mo-

306 3782 410 3829 veare
429 3758 546 3853 (entra
569 3758 757 3828 discrimen
771 3759 865 3829 enim
884 3765 921 3829 tu
935 3759 984 3830 sis
1007 3760 1035 3852 :)
1055 3759 1085 3830 si
1106 3759 1200 3852 apud
1222 3757 1354 3851 Belgas
1377 3784 1383 3828 :

304 3899 435 3991 plores,
452 3897 767 3980 clames'frontem
782 3898 959 3991 percutias
978 3904 1013 3968 el
1026 3897 1150 3967 femur.
1170 3896 1275 3990 Atqui
1293 3896 1389 3967 mala

305 4039 444 4132 publica
463 4045 605 4131 propler
624 4039 701 4132 ipsa
715 4039 745 4110 si
758 4040 874 4131 luges,
896 4039 979 4132 quid
998 4039 1164 4110 interest?
