3262 5190
697 471 902 535 .-40a—

272 650 385 721 rilem.
414 650 464 720 Ut
490 651 626 742 grando
656 650 758 720 tectis
794 673 922 743 magno
958 651 1106 745 strepitu
1139 650 1246 732 illisa,
1265 651 1353 745 ipso

272 798 390 861 tamen
411 790 540 861 dissilit
562 816 568 860 :
591 790 641 861 sic
659 791 728 861 ista
746 791 780 860 in
800 791 939 862 firmum
958 792 1111 863 animum
1128 793 1157 863 si
1173 791 1348 874 accidant,

272 932 485 1023 franguntur
498 952 566 1000 non
586 931 768 1022 frangunt.

703 1448 807 1520 CAP.
837 1450 922 1519 XX.

272 1707 326 1768 rld
342 1707 601 1798 Compara-tionem
617 1714 750 1770 centum.
766 1709 817 1769 sed
826 1709 920 1790 prius
939 1712 1123 1788 euapperutu
1141 1707 1311 1788 Belpurum
1327 1717 1352 1767 et

313 1830 407 1910 liujus
421 1831 477 1892 coi
491 1831 584 1891 mutu.
600 1848 691 1909 euque
705 1831 807 1911 opinio
821 1831 1021 1892 conmuniter
1036 1830 1177 1908 refutatu
1192 1852 1201 1886 .·
1217 1836 1245 1891 et
1260 1835 1352 1891 osten·

312 1969 391 2029 sum,
407 1954 564 2033 inpertiam
585 1953 755 2015 turnacum
770 1971 906 2032 pronum
927 1953 968 2013 ad
987 1952 1139 2030 aupeudos
1152 1971 1221 2015 suos
1238 1954 1350 2016 luctus.
1386 2032 1389 2041 Ι

322 2226 402 2294 Non
430 2249 472 2294 ex
498 2248 560 2317 spe
589 2224 840 2317 autopinione
871 2246 949 2293 mea
978 2231 1050 2293 tam
1083 2224 1197 2294 serius
1224 2222 1350 2314 Langii

274 2387 402 2434 sermo.
431 2365 553 2456 ltaque
578 2364 803 2455 abrumpens,
833 2362 909 2440 Quo
934 2361 1032 2433 abisl
1060 2362 1214 2455 inquam.
1239 2362 1351 2432 hocne
1395 2404 1428 2481 -Ι

273 2500 471 2594 pollicitus?
491 2501 601 2572 Mella
613 2511 648 2572 et
662 2501 776 2571 mulsa
790 2501 1018 2571 historiarum
1033 2501 1265 2594 expectabam
1282 2526 1289 2571 :
1312 2508 1350 2571 tu

274 2664 354 2711 acre
379 2640 464 2710 mihi
485 2641 628 2734 promis,
651 2649 686 2710 et
704 2664 772 2733 quo
792 2639 879 2709 nihil
900 2640 1074 2710 meracius
1101 2640 1135 2709 in
1157 2640 1350 2733 Sapientiae

273 2805 377 2874 penu.
401 2782 492 2858 Quid
511 2782 654 2851 censesl
674 2803 753 2851 cum
772 2780 920 2850 Thalete
939 2780 1056 2872 aliquo
1072 2803 1147 2850 rem
1165 2773 1230 2851 tibi
1248 2781 1349 2850 esset
1385 2864 1388 2870 ¹

273 2946 351 2991 cum
377 2922 497 3014 Lipsio
516 2930 570 2991 est
600 2947 606 2991 :
635 2922 693 3014 qui
716 2921 818 2990 homo
844 2928 878 2990 et
904 2920 996 2989 inter
1018 2920 1152 2990 medios
1178 2920 1348 2999 homines,
1395 3004 1396 3007 Ἴ

273 3060 427 3129 remedia
442 3060 547 3130 etiam
562 3061 739 3130 desiderat
758 3059 876 3152 paullo
895 3059 1008 3150 magis
1024 3059 1190 3130 humana.

325 3787 482 3879 Longius
505 3756 666 3869 clementi
686 3809 769 3857 voce
792 3795 827 3857 et
845 3788 957 3869 vultu,
987 3788 1165 3880 Agnosco,
1181 3787 1262 3881 jure
1281 3787 1351 3859 cul-

273 3949 350 4020 pas,
376 3926 500 4019 inquit.
526 3928 619 3997 Nam
644 3928 725 3997 dum
748 3951 873 4021 purum
896 3928 994 3999 illum
1021 3928 1186 3999 Rationis
1212 3927 1349 3998 radium

274 4089 415 4158 sequor,
444 4067 637 4138 excessisse
670 4067 817 4138 Publica
847 4069 904 4139 via
935 4093 989 4140 mo
1017 4070 1130 4150 video,
1166 4077 1201 4140 et
1230 4069 1350 4141 furtim

274 4204 450 4297 relapsum
478 4205 514 4274 in
546 4205 736 4297 Sapientiae
763 4186 900 4278 callem.
928 4208 996 4277 Sed
1018 4207 1092 4299 jam
1119 4207 1265 4277 emendo
1287 4232 1294 4276 :
1316 4216 1351 4276 ct
