3262 5190
765 489 947 552 ...256-

318 669 569 765 Hipponensis)
583 675 666 757 [ecit
687 675 892 759 sumlepos.
919 669 1032 746 Quam
1051 665 1151 737 multi
1169 665 1276 737 etiam
1289 663 1395 735 hodie

317 818 444 882 natant
458 810 494 880 in
512 809 580 881 hoc
593 810 695 888 freto,
713 816 749 879 et
762 807 1039 901 disputationum
1052 805 1109 876 hic
1121 802 1286 875 fluctibus
1300 801 1395 873 abri-

318 949 483 1042 piunturl
514 948 672 1047 Quorum
701 947 868 1041 periculis
898 945 1037 1028 moniti,
1071 952 1205 1016 terram
1231 941 1396 1013 malimus

317 1089 450 1181 legere,
473 1088 584 1182 Lipsi,
605 1110 670 1158 neo
693 1086 764 1157 alte
790 1093 1014 1180 penetremus
1039 1106 1105 1155 nos
1130 1083 1167 1152 in
1193 1083 1260 1153 hoc
1281 1103 1391 1152 mare.

319 1227 484 1299 Euclides
502 1227 586 1298 olim
608 1225 844 1320 interroganti
860 1224 972 1295 multa
985 1223 1029 1294 de
1048 1222 1128 1303 diis,
1150 1219 1396 1316 percommode

318 1366 501 1459 respondit
518 1388 525 1433 :
546 1370 680 1436 Coeteru
696 1368 837 1451 quidem
851 1367 977 1443 nescio,
990 1364 1080 1430 iliud
1092 1365 1174 1440 seio,
1187 1363 1279 1446 quod
1291 1362 1397 1427 odere

317 1508 485 1573 curiosos,
515 1502 612 1573 ldem
638 1501 682 1571 de
708 1501 799 1570 Fato
820 1522 924 1570 oense
946 1523 953 1568 :
976 1497 1069 1591 quod
1087 1496 1198 1589 aspici
1216 1495 1304 1575 vult,
1325 1516 1396 1564 non

235 1718 238 1724 ,
304 1639 443 1732 ,inspici
466 1662 472 1707 :
493 1637 605 1720 credi,
627 1660 698 1708 non
718 1635 897 1729 cognosci.
919 1633 1059 1706 Biantis
1077 1633 1203 1726 opinor
1220 1630 1308 1701 illud
1326 1638 1393 1709 est,

318 1779 387 1869 περὶ
404 1777 478 1843 θεῶν
494 1774 567 1870 λέγε
585 1777 625 1852 ὡς
642 1777 713 1845 εἰσί.
735 1773 859 1845 melius
874 1771 920 1842 ad
938 1772 1067 1842 Fatum
1087 1768 1300 1841 transferam
1322 1792 1330 1837 τ
1354 1767 1397 1836 de

318 1937 387 2008 quo
413 1913 479 1984 hoc
499 1913 586 1984 satis
607 1936 686 1984 esse
700 1934 838 1994 moneo,
857 1917 894 1982 ut
915 1934 994 1982 esse
1015 1910 1121 1991 scias
1145 1915 1289 1987 caetera,
1309 1906 1397 1977 nihil

317 2075 457 2147 peccas,
474 2051 504 2122 si
523 2051 682 2144 ignoras.

369 2540 459 2611 illud
478 2541 620 2634 proprie
638 2541 684 2612 ad
702 2548 860 2611 nostram
880 2539 1045 2632 Spartam
1063 2536 1145 2632 (jam
1165 2537 1256 2606 enim
1276 2536 1320 2606 ab
1334 2536 1397 2605 im-

318 2678 438 2771 plicito
459 2678 526 2749 hoc
546 2680 639 2750 flexu
658 2681 763 2751 redeo
782 2680 818 2751 in
833 2687 988 2750 veterem
1007 2686 1042 2749 et
1060 2684 1219 2771 apertam
1237 2676 1342 2769 viam)
1361 2686 1398 2745 ut

318 2815 579 2886 Necessitatem
593 2825 762 2908 agnetam
780 2818 885 2889 malis
905 2816 1063 2889 Publicis
1074 2816 1212 2896 credas,
1230 2815 1318 2885 etin
1336 2814 1398 2883 illa

318 2955 483 3025 solatium
500 2955 643 3049 aliquod
654 2978 794 3049 quaeras
812 2958 863 3027 tui
881 2957 1010 3028 luctus.
1033 2955 1125 3033 Quid
1143 2954 1188 3025 ad
1207 2962 1241 3026 te
1259 2954 1398 3024 curiose

319 3089 362 3161 de
379 3091 543 3161 libertate
561 3091 701 3162 arbitrii
721 3115 894 3184 quaerere,
917 3099 980 3162 aut
1002 3091 1195 3162 servitutel
1215 3092 1257 3161 de
1276 3100 1398 3162 coacta

318 3227 512 3310 voluntate,
535 3235 595 3298 aut
609 3226 737 3298 duotal
753 3226 883 3297 Miser!
904 3226 1094 3320 Syracusae
1108 3236 1180 3297 tuae
1195 3227 1395 3319 capiuntur,

318 3371 353 3435 et
367 3363 404 3433 in
416 3363 561 3456 pulvere
577 3363 708 3457 pingis.
728 3362 868 3434 Bellum
882 3363 945 3435 tibi
960 3386 1069 3457 supra
1082 3372 1200 3458 caput,
1218 3366 1394 3460 tyrannia,

318 3503 448 3584 caedes,
478 3526 572 3574 mors
609 3529 616 3574 :
643 3526 723 3597 quae
738 3526 889 3596 superne
911 3511 1006 3574 certe
1023 3503 1195 3587 immissa,
1216 3529 1280 3576 nec
1298 3507 1397 3598 quid-

318 3661 423 3732 quam
431 3639 476 3710 ad
485 3646 583 3710 tuum
594 3639 818 3711 arbitratum.
831 3640 973 3711 Timere
982 3664 1025 3712 ea
1034 3649 1147 3734 potes,
1164 3666 1234 3713 non
1249 3666 1373 3713 cavere
1387 3671 1393 3714 :

318 3777 453 3868 sugere,
469 3784 505 3847 et
519 3800 588 3847 non
599 3777 724 3849 vitare.
741 3776 852 3847 Arma
861 3777 1048 3848 adversum
1059 3777 1136 3849 haec
1149 3779 1267 3862 indue,
1290 3790 1325 3852 et
1339 3806 1396 3852 ar-

319 3915 394 4008 ripe
405 3914 470 3985 hoc
479 3916 605 3986 Fatale
613 3915 735 3986 telum.
748 3915 990 4010 quoddolores
1000 3917 1088 3988 istos
1098 3941 1299 3990 omnesnon
1309 3944 1396 4012 pun·

319 4055 383 4146 git,
406 4054 467 4124 sed
479 4053 621 4147 jugulat
640 4077 648 4122 :
669 4077 739 4124 non
758 4055 904 4136 minuit,
934 4056 996 4126 sed
1010 4056 1115 4128 tollit.
1135 4059 1183 4129 Ut
1198 4060 1347 4130 urticam
1366 4061 1396 4130 si

320 4200 505 4262 contanter
517 4192 673 4284 attingas
688 4193 823 4277 adurit;
836 4192 866 4264 si
875 4194 1026 4277 sortiter,
1040 4196 1195 4267 hebescit
1206 4221 1212 4265 :
1225 4198 1274 4269 sic
1282 4198 1397 4269 luctus
