3262 5190
717 437 899 500 -984-
969 466 973 474 ·

272 616 397 710 positis
414 616 493 687 aliis
507 615 614 698 curis,
631 616 697 687 soli
713 616 825 687 inhac
838 616 947 687 curel
963 617 1002 684 ln
1016 614 1087 684 illis
1101 613 1242 706 quidem
1254 639 1262 696 ;
1276 636 1345 683 uno

272 759 395 841 verbo,
414 758 601 852 plerosque
618 757 847 853 philosophos
873 767 908 828 et
928 756 1119 850 sapientes.
1143 755 1202 849 qui
1220 753 1346 825 remoti

235 926 239 933 ·
274 900 318 971 ab
337 901 462 972 insano
480 901 557 972 foro
575 916 610 973 et
624 902 723 985 urbe,
740 903 923 974 hortorum
942 925 980 972 se
998 901 1122 995 spatiis
1137 900 1348 992 sepibusque

274 1037 488 1114 clauserunt.
509 1043 558 1114 At
575 1044 612 1114 in
634 1044 733 1129 istis;
762 1045 992 1137 Tarquinium
1020 1066 1141 1136 regem
1159 1043 1260 1113 video
1272 1041 1348 1134 jam

274 1194 351 1256 tum
367 1185 485 1278 prisca
502 1185 566 1256 1111
577 1186 707 1269 Roma,
728 1186 764 1256 in
787 1187 899 1259 hortis
921 1186 1075 1258 molliter
1093 1184 1346 1265 ambulantem,

274 1334 310 1398 et
338 1350 552 1421 papaverum
581 1329 699 1421 capita
726 1336 978 1401 resecantem:
1015 1329 1184 1399 Catonem
1218 1327 1348 1398 Censo-

276 1467 366 1536 rium
390 1488 545 1558 agnosco
571 1466 608 1536 in
634 1490 672 1537 re
696 1466 854 1538 hortensi
876 1466 1044 1549 deditum,
1075 1474 1110 1537 et
1134 1466 1177 1536 de
1196 1487 1238 1535 11
1256 1463 1348 1534 serio

276 1603 488 1675 scribentem
518 1622 527 1671 t
560 1603 760 1685 Lucullum,
793 1610 872 1697 post
896 1603 1074 1675 Asiaticas
1099 1603 1279 1684 victorias,
1312 1602 1348 1670 in

276 1741 402 1812 iisdem
420 1741 613 1812 otiantem:
636 1740 785 1822 Sullam,
811 1741 947 1833 abjecta
973 1741 1171 1822 Dictatura,
1193 1740 1349 1810 suaviter

275 1879 332 1950 hic
346 1888 586 1951 senescentem
603 1902 610 1960 ;
628 1885 663 1950 et
676 1878 934 1950 Diocletianum
949 1878 1162 1972 Principem,
1175 1878 1272 1949 olera
1286 1901 1351 1949 sua

277 2025 312 2089 et
328 2018 485 2089 lactucas
503 2018 549 2088 ad
569 2017 749 2100 Salonam,
770 2038 938 2111 purpurae
957 2027 991 2087 et
1013 2018 1175 2088 omnibus
1203 2016 1351 2112 sceptris

275 2154 534 2248 praeferentem.
556 2155 632 2229 Nec
650 2153 760 2233 abivit
777 2156 822 2231 ab
840 2154 907 2231 hoc
925 2153 1108 2232 meliorum
1120 2155 1255 2247 judicio
1272 2156 1349 2226 vul—

277 2316 357 2386 gus.
377 2294 414 2364 in
432 2317 500 2387 quo
525 2295 616 2386 ips0,
637 2293 813 2385 simplices
831 2316 953 2364 omnes
977 2301 1011 2365 et
1035 2296 1110 2365 sine
1127 2295 1222 2365 mala
1239 2295 1350 2366 ambi-

274 2431 370 2501 tione
387 2430 537 2511 animas,
558 2431 631 2500 scio
649 2431 758 2502 fuisse
782 2431 820 2502 in
846 2432 913 2512 hoc
940 2412 1049 2509 cultu.
1072 2433 1136 2502 Est
1160 2432 1253 2503 enim
1271 2456 1352 2525 pro-

275 2567 365 2638 sectu
396 2590 527 2675 arcana
557 2569 720 2660 quaedam
750 2575 785 2640 et
813 2570 1003 2660 congenita
1029 2570 1131 2643 nobis
1157 2571 1224 2653 vis,
1255 2571 1354 2664 cujus

275 2709 419 2781 intimas
429 2731 575 2780 caussas
584 2709 766 2794 nonfacile
775 2710 897 2793 reddo,
911 2735 990 2805 quae
1004 2712 1050 2781 ad
1067 2712 1158 2783 hanc
1171 2713 1351 2784 innoxiam

276 2861 312 2925 et
328 2852 517 2945 ingenuam
531 2853 800 2925 delectationem
817 2852 928 2924 trahit
946 2877 1015 2924 non
1034 2877 1100 2925 nos
1121 2861 1272 2938 tantum,
1294 2857 1352 2949 qui

276 2993 552 3089 propendemus;
570 2993 632 3064 sed
645 2993 725 3064 illos
738 2992 836 3105 ipsos
851 2993 963 3064 serios
974 3002 1009 3065 et
1019 3018 1174 3078 severos,
1188 2997 1246 3089 qui
1261 2997 1355 3067 reni-

276 3142 399 3207 tuntur
424 3142 459 3205 et
488 3134 649 3222 irrident.
683 3133 800 3241 Atque
826 3142 864 3213 ut
889 3134 1017 3224 coelum¹
1042 3141 1077 3206 et
1103 3144 1256 3208 aeternos
1275 3139 1355 3210 illos

278 3277 379 3369 ignes
397 3275 529 3347 nemini
555 3275 738 3368 adspicere
763 3277 831 3357 fas,
857 3276 932 3357 sin‘e
948 3278 1083 3352 occulto
1103 3278 1251 3361 horrore
1270 3304 1355 3374 quo·

279 3429 359 3503 dam
377 3434 413 3498 et
430 3426 602 3519 religione
621 3451 629 3498 ι
646 3449 715 3497 non
730 3427 815 3504 item
829 3427 954 3500 Terrae
968 3449 1090 3498 sacras
1104 3451 1201 3521 opes,
1216 3437 1250 3501 11
1264 3430 1357 3502 hunc

178 3568 180 3572 ⁴
278 3569 456 3640 inferioris
482 3569 607 3640 Mundi
633 3571 814 3652 mundum,
840 3571 916 3641 sine
938 3571 1048 3642 tacita
1066 3572 1217 3665 quadam
1236 3574 1357 3664 gaudii

276 3711 480 3783 titillatione
499 3718 534 3782 et
549 3734 667 3782 sensu.
680 3711 848 3782 Animum
865 3720 963 3783 tuum
977 3722 1197 3807 mentemque
1211 3738 1356 3808 percon-

275 3859 354 3929 tare
380 3876 387 3920 :
413 3852 490 3949 capi
517 3875 554 3928 se
580 3851 646 3932 hoc
672 3852 843 3944 adspectu
857 3853 961 3934 dicet,
991 3854 1061 3924 imo
1084 3856 1194 3959 pasci.
1226 3855 1356 3927 Oculos

281 4015 490 4094 sensumque
516 4016 523 4075 ς
548 3991 752 4078 fatebuntur-
773 4015 842 4072 non
861 3992 945 4063 alibi
959 3994 1125 4073 libentius
1141 4019 1179 4066 se
1198 3996 1356 4089 acquies-

281 4155 373 4216 cere,
395 4155 499 4236 quam
518 4134 552 4204 in
571 4133 626 4205 his
644 4134 825 4206 hortorum
843 4135 937 4207 areis
956 4143 990 4208 et
1007 4138 1174 4231 pulvillis.
1199 4138 1355 4209 Circum·
