3262 5190
716 455 898 518 -398-

322 639 570 729 Paupertatem
585 636 734 730 exempli
749 659 877 706 caussa
895 635 930 704 in
950 635 1004 705 his
1019 635 1186 705 Cladibus
1200 635 1352 728 publicis

272 777 386 858 timec,
409 776 593 857 Exsilium,
616 778 780 847 Mortem.
803 777 856 847 Ea
873 775 982 867 igitur
996 775 1025 845 si
1045 775 1149 846 rectis
1169 774 1352 868 firmisque

272 914 381 985 oculis
401 914 556 1007 inspicis
575 914 746 1008 quantula
764 916 868 985 suntl
889 913 918 984 si
942 913 1014 984 suis
1034 913 1248 1021 ponderibus
1267 937 1351 983 exa·

273 1054 398 1136 minae,
421 1077 525 1147 quam
544 1053 660 1124 levial
681 1053 771 1123 Ecce
791 1053 920 1139 bellum
939 1051 1005 1122 hoc
1027 1060 1088 1122 aut
1107 1052 1269 1146 tyrannis
1287 1075 1352 1145 per

272 1190 405 1262 tributa
423 1191 533 1261 multa
552 1197 585 1262 te
602 1190 798 1261 exhauriet.
821 1190 913 1267 Quid
931 1191 1027 1261 tuml
1047 1190 1118 1261 eris
1136 1189 1245 1283 igitur
1264 1213 1351 1283 pau·

272 1353 347 1422 per.
365 1332 504 1401 Natura
522 1351 638 1399 nonne
656 1328 764 1399 talem
783 1337 818 1399 te
837 1328 944 1411 dedit,
967 1329 1074 1400 talem
1093 1330 1228 1423 rapiet'l
1248 1330 1351 1407 Quod

273 1468 302 1538 si
324 1468 425 1539 triste
448 1477 483 1539 et
500 1469 632 1538 infame
650 1491 778 1538 nomen
796 1467 859 1540 tibi
879 1467 1052 1561 displicet,
1070 1476 1258 1539 commuta.
1279 1467 1351 1553 eris

273 1609 469 1703 expeditus,
492 1609 697 1681 Sublevavit
720 1609 812 1680 enim
834 1617 869 1680 te
897 1609 1071 1690 Fortuna,
1101 1609 1130 1680 si
1157 1609 1285 1691 nescis,
1316 1619 1353 1680 et

273 1748 403 1819 tutiore
423 1749 499 1840 jam
517 1748 593 1820 loco
612 1747 782 1842 reposuit.
808 1771 909 1819 nemo
928 1747 1023 1819 ultra
1040 1748 1236 1820 exhauriet.
1258 1749 1351 1842 quod

275 1887 440 1957 damnum
455 1894 492 1959 tu
506 1887 669 1981 putabas,
684 1885 876 1956 remedium
890 1894 956 1956 est.
970 1885 1018 1956 At
1036 1886 1135 1956 exsul
1153 1886 1259 1957 etiam
1274 1910 1347 1957 ero.

274 2029 361 2108 lmo,
390 2027 419 2097 si
450 2027 559 2104 voles,
583 2026 804 2120 peregrinus.
834 2024 1019 2095 Adiectum
1045 2033 1142 2096 tuum
1168 2025 1197 2095 si
1220 2034 1348 2106 mutas,

273 2175 388 2237 mutas
407 2166 571 2258 patriam.
593 2166 741 2258 Sapiens
762 2165 968 2258 ubicumque
986 2175 1055 2261 est,
1076 2166 1347 2258 peregrinatur:

219 2328 222 2335 ·
273 2304 390 2373 fatuus
405 2325 543 2395 semper
556 2303 707 2373 exsulat.
726 2303 795 2374 Sed
814 2323 909 2373 mors
929 2303 1011 2372 mihi
1032 2306 1220 2397 atyranno
1238 2303 1351 2374 immi-

273 2448 345 2510 net.
363 2441 473 2517 Quasi
492 2463 561 2510 non
578 2440 720 2511 cottidie
738 2445 759 2510 a
775 2448 916 2514 natura.
938 2441 1008 2512 Sed
1022 2441 1163 2512 infamis
1181 2437 1255 2524 illa,
1273 2466 1352 2537 quae

273 2602 336 2671 per
356 2578 514 2670 gladium
537 2587 598 2649 aut
616 2579 792 2673 laqueum.
824 2581 853 2650 Ο
877 2581 995 2661 stulte,
1025 2604 1096 2650 non
1114 2580 1176 2650 illa
1193 2586 1254 2650 aut
1280 2579 1353 2650 ulla

273 2740 368 2788 mors
393 2717 547 2799 infamia,
570 2718 637 2789 nisi
664 2719 737 2789 vita
758 2726 820 2789 tua
846 2719 903 2790 sit.
934 2720 1013 2790 Cita
1040 2720 1084 2789 ab
1106 2719 1190 2789 orbe
1212 2717 1351 2789 condito

208 2889 209 2893 ¹
272 2857 422 2949 optimos
457 2865 492 2927 et
521 2857 781 2928 illustrissimos
813 2880 981 2951 quosque,
1015 2857 1171 2928 violenta
1205 2879 1266 2927 eos
1297 2856 1352 2926 vis

273 2996 402 3090 rapuit.

323 3357 411 3437 lloc,
436 3379 594 3438 examen,
630 3355 740 3449 Lipsi,
771 3356 875 3427 rebus
900 3357 1063 3427 omnibus
1089 3357 1242 3452 (gustum
1259 3355 1351 3426 enim

273 3504 409 3567 tantum
427 3496 490 3566 tibi
508 3496 564 3590 do)
589 3496 838 3579 adhibendum,
861 3520 940 3589 quae
963 3496 1139 3567 terribiles
1153 3497 1318 3567 videntur
1341 3521 1348 3565 :

273 3643 308 3706 et
320 3635 548 3728 inspiciendae
567 3659 619 3706 eae
638 3636 756 3717 nudae,
774 3636 848 3706 siue
864 3635 1076 3727 Opinionum
1090 3635 1163 3706 ulla
1176 3641 1273 3706 veste
1290 3645 1353 3704 aut

272 3798 434 3867 persona.
448 3776 494 3845 At
508 3798 572 3845 nos
586 3774 704 3845 miseri
719 3775 764 3845 ad
775 3798 866 3844 vana
879 3783 914 3844 et
925 3781 1072 3845 externa
1084 3773 1322 3846 convertimur
1339 3800 1345 3843 :

273 3937 337 3984 nec
365 3937 421 3984 res
449 3914 545 4006 ipsas
569 3913 743 4006 timemus
768 3914 830 3984 sed
851 3913 1099 4006 circumposita
1117 3915 1235 3984 rebus.
1261 3912 1352 3983 Ecce

273 4051 303 4121 si
322 4075 418 4124 mare
433 4053 591 4144 naviges
614 4060 649 4123 et
667 4076 833 4145 magnum
852 4051 939 4122 illud
957 4052 1020 4123 fiat
1041 4078 1048 4123 :
1071 4074 1169 4122 mens
1185 4049 1246 4121 tibi
1261 4050 1347 4131 abit,

273 4198 308 4261 et
326 4191 580 4262 contremiscis.
605 4216 674 4262 non
699 4191 802 4263 aliter
825 4214 942 4284 quam,
965 4191 994 4260 si
1019 4189 1242 4281 naufragium
1262 4189 1351 4258 sece-
