3262 5190
535 1881 538 1888 ¹
638 1785 723 1866 An
754 1786 1089 1873 LECTOREM

443 2021 533 2091 PRO
557 2021 846 2093 CONSTANTIA
869 2025 960 2093 MEA
981 2024 1281 2095 PRAESCRIPTIO

367 2778 463 2856 Quod
478 2779 513 2845 in
526 2779 645 2846 iterata
656 2778 719 2845 hoo
732 2779 892 2858 editione,
907 2781 1029 2846 iterum
1041 2788 1074 2847 te
1087 2777 1251 2867 alloquor,
1270 2778 1399 2857 Lector,

320 2918 438 2998 praeter
454 2917 569 2978 votum
590 2932 702 2977 meum
719 2910 853 2988 accidit,
880 2911 943 2978 etsi
964 2933 1032 2978 non
1052 2918 1171 3000 praeter
1192 2910 1397 2999 opinionem.

320 3041 449 3110 Iudicio
460 3043 551 3110 enim
572 3042 637 3108 isto
652 3042 791 3130 proevidi
809 3049 899 3121 ente,
918 3042 985 3108 imo
997 3042 1153 3156 praedixi.

364 3250 501 3337 Negant
527 3249 607 3315 satis
631 3249 685 3336 pie
712 3247 775 3314 hoc
800 3255 1040 3335 argumentum
1064 3254 1084 3315 t
1107 3270 1160 3316 me
1184 3256 1366 3316 tractatum
1390 3276 1397 3313 :

320 3391 447 3470 negant
461 3381 543 3449 locis
559 3380 688 3469 aliquot
703 3380 785 3447 sutis
801 3402 888 3447 vere.

365 3616 487 3682 Porum
517 3614 569 3701 pie
599 3613 672 3679 ideo
705 3638 712 3677 :
747 3612 827 3700 quio
855 3609 1095 3699 Philosophum
1127 3613 1237 3699 egisse
1268 3619 1398 3678 tontum
1467 3644 1474 3654 ·

319 3748 446 3825 videor,⁴
476 3744 649 3832 inquiunt,
674 3743 956 3831 ueoinspersisse
983 3764 1058 3830 quae
1082 3744 1176 3830 potui
1200 3753 1233 3810 et
1257 3743 1356 3812 debui
1380 3751 1398 3812 e

316 3877 413 3943 libris
430 3875 546 3942 sacris.
564 3874 646 3951 Quae
666 3873 851 3940 admonitio
868 3873 965 3941 valde
989 3874 1074 3940 mihi
1090 3885 1189 3962 grato
1208 3896 1215 3940 :
1243 3875 1345 3943 velim
1366 3887 1398 3944 et

318 4008 386 4074 illis
409 4006 550 4094 simplex
577 4027 689 4071 meum
713 4013 746 4071 et
765 4005 837 4070 sine
858 4004 937 4071 fuco
961 4026 1167 4095 responsum.
1200 4007 1288 4073 Nam
1309 4009 1398 4095 quod

318 4149 465 4228 opertam
486 4138 643 4227 pietatem
666 4105 744 4203 ante
763 4136 875 4203 omniu
896 4138 1083 4226 requirunt,
1108 4160 1182 4207 nmo
1206 4163 1213 4203 :
1239 4139 1301 4206 hoo
1321 4148 1396 4206 tan·

317 4281 389 4339 tum
402 4294 532 4349 moneo,
549 4280 588 4337 ut
602 4270 714 4338 oculos
728 4270 822 4358 prius
834 4271 920 4335 serio
933 4271 1110 4338 intendunt
1122 4272 1158 4339 in
1171 4272 1272 4340 finem
1286 4294 1397 4340 meum
