3262 5190
720 483 905 544 -330-

273 686 352 760 quae
365 671 481 737 tamen
495 663 613 736 omnia
626 662 777 733 laterent
790 663 826 733 iu
841 662 1009 745 tenebris
1028 662 1103 733 sine
1117 661 1270 733 cladium
1283 663 1352 733 ista

272 809 360 879 lace.
392 807 441 878 Ut
474 805 567 877 enim
593 811 756 876 aromata
782 804 887 897 longe
911 804 1051 898 lateque
1075 803 1220 874 odorem
1250 803 1351 873 emit-

273 955 362 1031 tunt,
385 948 415 1020 si
429 955 507 1018 tera
528 972 534 1016 :
553 946 604 1017 sic
617 944 759 1016 virtutis
779 944 874 1016 fama
900 943 1121 1024 diffunditur,
1144 943 1173 1013 si
1193 965 1348 1036 premas,

715 1591 819 1664 CAP.
850 1591 915 1663 IX.

273 1833 318 1893 Dc
329 1832 536 1911 custiputiouu
555 1831 608 1909 qai
618 1829 767 1893 sccundus
774 1830 866 1909 finis,
882 1845 946 1889 ecm
958 1844 1073 1907 quoquc
1084 1832 1234 1888 ostensum
1250 1842 1285 1886 cc
1296 1843 1355 1887 usu

619 1956 722 2012 uestro
736 1967 807 2019 csse,
821 1948 999 2027 dupliciter.

320 2174 401 2245 lam
420 2172 626 2265 Castigandi
641 2172 731 2243 alter
744 2171 825 2242 finis
845 2179 909 2244 est.
928 2194 995 2265 quo
1014 2193 1104 2263 nego
1119 2169 1215 2241 aliud
1234 2168 1354 2239 mitius

273 2320 334 2383 aut
352 2311 475 2382 melius
494 2319 671 2405 repertum
692 2312 737 2381 ad
751 2311 914 2381 salutem.

320 2551 428 2621 Juvat
442 2549 535 2620 enim
553 2555 739 2641 servatque
758 2547 944 2641 dupliciter
966 2574 971 2614 :
995 2546 1068 2618 sive
1088 2545 1239 2639 Flagelli
1259 2546 1350 2628 loco,

272 2711 351 2758 cnm
374 2687 595 2781 peccavimus
613 2713 621 2772 ;
641 2687 714 2757 sive
741 2686 875 2770 Fraeni,
902 2709 946 2779 ne
970 2704 1167 2779 peccemus
1201 2684 1353 2778 Flagelli

273 2828 425 2923 quidem,
454 2829 537 2922 quia
562 2835 711 2922 paterna
736 2849 860 2898 manns
891 2835 957 2907 est,
988 2850 1066 2920 quae
1084 2827 1204 2920 lapsos
1229 2826 1354 2897 crebro

271 2966 469 3037 verberat:
501 2966 696 3048 carnificis,
741 2988 819 3060 quae
855 2966 957 3037 tarde
1004 2966 1066 3037 sed
1103 2966 1212 3037 semel
1236 2966 1350 3059 punit.

273 3104 323 3177 Ut
341 3106 434 3198 ignis
452 3114 514 3177 aut
531 3129 633 3199 aquae
651 3107 816 3177 lustratio
835 3106 998 3199 quaedam
1014 3107 1202 3179 adhibetur
1220 3107 1264 3178 ad
1280 3129 1355 3178 sor·

274 3247 349 3327 des,
372 3247 422 3317 sic
440 3247 509 3317 ista
526 3245 679 3316 cladium
697 3247 742 3317 ad
759 3254 916 3339 peccata.
942 3248 988 3318 Et
1012 3247 1204 3340 flagellum,
1238 3248 1349 3341 Lipsi,

277 3385 403 3457 merito
414 3409 506 3457 nunc
521 3385 635 3457 nobis
649 3385 757 3478 Lapsi
775 3384 868 3456 enim
886 3385 1020 3479 pridem
1031 3387 1154 3479 Belgae
1172 3409 1307 3470 sumus,
1319 3394 1355 3457 et

135 3593 138 3601 .
274 3528 409 3600 deliciis
440 3527 641 3622 divitiisque
671 3527 840 3620 corrupti,
868 3527 1086 3621 praecipitem
1103 3527 1197 3598 viam
1223 3527 1353 3602 institi-

274 3690 352 3738 mus
369 3666 548 3738 vitiorum.
572 3665 641 3736 Sed
660 3664 826 3735 admonet
848 3664 906 3735 ille
925 3665 1024 3746 deus,
1059 3671 1094 3735 et
1112 3671 1256 3736 revocat
1286 3664 1354 3736 cle-

274 3813 422 3888 mentem
443 3804 569 3898 plagas
584 3802 717 3896 aliquot
730 3803 906 3895 indigem,
923 3811 962 3874 ut
979 3803 1023 3874 iis
1038 3803 1207 3873 admoniti
1226 3802 1271 3873 ad
1288 3825 1353 3873 nos

275 3942 473 4021 redeamus,
501 3941 571 4010 imo
590 3938 633 4010 ad
659 3940 786 4032 ipsum.
808 3941 909 4010 Bona
933 3939 1034 4011 nobis
1048 3938 1175 4032 eripit:
1198 3937 1281 4031 quia
1307 3938 1353 4008 ad

273 4082 393 4152 luxum
412 4080 456 4151 iis
475 4079 542 4150 usi.
565 4079 802 4151 Libertatem:
824 4081 906 4175 quia
920 4082 964 4151 ad
978 4080 1156 4152 licentiam
1174 4103 1216 4152 ea
1234 4080 1349 4151 abusi.

275 4226 310 4291 et
341 4217 416 4289 miti
443 4218 508 4289 hac
526 4217 767 4289 calamitatum
793 4219 906 4291 ferula
936 4219 1084 4291 crimina
1110 4228 1234 4292 nostra
1259 4220 1353 4292 velut
