3262 5190
791 511 975 574 -200-

344 695 436 765 cives
454 701 490 764 et
513 692 702 786 populares
720 714 829 775 meos,
855 691 914 786 qui
932 692 1115 785 jactantur
1136 692 1172 763 in
1191 692 1256 764 hoc
1279 694 1421 765 calami-

341 837 454 904 tatum
472 829 611 924 pelago‚
632 837 694 900 aut
713 836 873 922 pereunt,
890 829 992 901 varia
1009 836 1044 901 et
1059 829 1188 902 misera
1207 833 1322 903 sortel

390 1191 549 1283 Langius
564 1190 755 1285 excipiens,
776 1191 824 1261 nt
843 1190 935 1274 istic,
957 1190 1069 1285 Lipsi,
1089 1162 1214 1285 inquit}
1228 1213 1299 1262 non
1319 1190 1421 1263 dolor

339 1329 494 1424 proprie,
513 1329 574 1400 sed
588 1328 774 1400 Miseratio
792 1335 847 1399 est
867 1354 875 1399 ε
892 1351 972 1421 quae
990 1329 1069 1423 ipsa
1082 1335 1200 1400 tamen
1220 1329 1420 1423 spernenda

339 1469 533 1562 &sapiente
552 1474 587 1538 ot
605 1459 802 1537 constante.
820 1466 920 1538 Nihil
933 1467 1026 1537 enim
1044 1467 1095 1538 illi
1109 1468 1223 1560 magis
1238 1468 1414 1548 convenit,

338 1630 443 1701 quam
462 1606 612 1677 firmitas
630 1604 737 1676 animi
756 1612 792 1676 et
809 1605 917 1675 robur
937 1630 945 1676 :
971 1628 1050 1698 quae
1069 1629 1147 1677 esse
1166 1630 1235 1677 non
1254 1615 1414 1700 possunt,

339 1744 369 1815 si
385 1744 502 1836 dejicit
521 1742 764 1836 contrahitque
781 1765 861 1812 eum
881 1765 951 1812 non
972 1766 1057 1816 suus
1077 1717 1189 1816 solum
1203 1745 1334 1828 luctus,
1355 1747 1417 1816 sed

337 1883 488 1954 alienus.

387 2067 564 2162 interrupi
590 2067 648 2139 hic
677 2089 757 2160 ego,
784 2076 831 2148 et,
861 2067 1055 2157 Quaeistae
1079 2067 1276 2138 Stoicorum
1304 2066 1416 2158 spinae

339 2211 440 2282 suntl
463 2208 619 2302 inquam.
651 2207 818 2309 Miserari
844 2229 899 2276 me
924 2207 1044 2277 vetasl
1064 2214 1100 2276 at
1119 2205 1231 2276 virtus
1257 2229 1300 2276 ea
1323 2206 1416 2299 apud

339 2347 450 2417 bonos
470 2352 536 2424 est,
558 2351 653 2414 certe
674 2342 766 2436 apud
786 2366 851 2449 nos
870 2342 927 2437 qui
946 2366 1031 2414 vera
1049 2342 1220 2435 religione
1238 2343 1368 2413 imbuti·
1380 2351 1415 2413 et
1448 2388 1450 2392 »

338 2483 482 2576 pietate.

389 2825 547 2919 Longius
566 2825 764 2908 adfirmata,
786 2789 863 2920 ligo
882 2849 965 2898 vero
978 2833 1071 2908 veto,
1093 2826 1207 2921 inquit
1228 2854 1235 2899 :
1257 2835 1292 2899 et
1309 2829 1415 2922 aegri-

339 2964 496 3036 tudinem
513 2964 605 3035 hanc
623 2964 653 3035 si
675 2966 720 3035 ab
742 2964 869 3035 animis
887 2964 986 3046 tollo,
1008 2969 1104 3056 aegrd
1126 2987 1196 3035 non
1214 2965 1303 3036 feret
1321 2966 1414 3058 quis-

339 3122 443 3192 quam
458 3100 550 3170 serio
565 3100 691 3171 bonus
713 3101 806 3170 Vere
824 3099 918 3170 enim
936 3098 1112 3190 aegritudo
1136 3124 1143 3168 :
1173 3121 1238 3169 nec
1263 3099 1369 3192 longe
1393 3106 1415 3169 a

339 3235 483 3306 miseria
506 3242 573 3317 est,
602 3235 759 3329 quisquis
783 3235 983 3307 miseratur.
1005 3235 1055 3306 Ut
1071 3235 1237 3307 imbecilli
1262 3237 1414 3332 malique

337 3372 429 3444 oculi
459 3379 542 3444 nota
569 3381 636 3455 est,
663 3371 790 3466 lippire
821 3371 867 3443 ad
884 3379 1110 3467 conspectum
1122 3368 1328 3467 lippientis:
1364 3376 1414 3448 sic

338 3513 459 3596 animi,
481 3512 600 3583 dolere
621 3512 697 3583 viso
721 3511 873 3583 dolente.
893 3511 1068 3583 Definitur
1085 3535 1128 3584 aa
1151 3521 1258 3597 recte,
1280 3516 1413 3588 Vrrrun

337 3675 477 3725 Pusrnnr
511 3673 707 3728 urnurroun
737 3649 867 3733 Anna,
900 3673 947 3721 nu
982 3651 1140 3723 Srncrnu
1173 3675 1295 3723 aarum
1325 3677 1414 3726 usur

336 3811 589 3861 counaannrrs.
615 3788 708 3866 Quid
733 3789 844 3879 ergol
869 3794 941 3858 tarn
965 3786 1045 3858 duri
1066 3794 1101 3858 et
1122 3788 1227 3860 ferrei
1253 3813 1331 3872 noc,
1352 3791 1412 3885 qui

335 3926 428 3997 flecti
447 3927 482 3997 in
501 3927 617 3998 alieno
631 3925 752 3997 dolore
766 3949 973 4019 quemquam
986 3925 1139 3998 nolimus
1152 3934 1214 3998 aut
1226 3927 1411 3999 inclinarit

335 4064 409 4134 lmo
437 4063 529 4134 flecti
555 4086 625 4134 non
651 4062 811 4155 displicet
841 4088 848 4134 :
882 4064 945 4134 sed
971 4064 1242 4157 adjuvandum,
1270 4088 1339 4137 non
1366 4067 1411 4136 ad

334 4201 535 4273 dolendum.
620 4236 629 4252 ·
