3262 5190
733 443 916 505 -236-

283 629 370 705 tere,
400 622 543 694 decreta
569 624 688 695 omnia
712 623 832 694 divina
855 623 957 694 firma
981 629 1016 694 et
1041 623 1186 693 immota
1204 645 1295 704 esse,
1316 624 1362 694 ab

283 769 418 833 aeterno
441 762 479 833 in
496 771 682 834 aeternum.
713 763 760 833 At
783 786 827 833 ex
850 785 892 833 eo
916 761 1110 833 necessitas
1135 762 1296 855 emergit,
1326 770 1361 833 et

281 901 348 971 hoc
366 900 457 994 quod
487 900 606 971 illudis
623 899 747 971 latum.
777 899 884 993 Cujus
910 898 961 970 rei
985 905 1057 969 tam
1079 898 1213 991 liquida
1234 908 1359 970 ettam
1394 954 1396 958 -

281 1038 385 1109 obvia
402 1038 546 1119 veritas,
578 1046 616 1110 ut
639 1061 710 1109 non
728 1038 800 1109 alia
824 1038 977 1108 veterior
1003 1045 1065 1109 aut
1088 1038 1262 1131 receptior
1280 1061 1359 1109 seu-

280 1177 399 1248 tentie-
422 1178 516 1249 inter
542 1184 679 1270 gentes.
705 1177 936 1270 omnibusque
961 1177 1048 1259 fere,
1074 1177 1201 1271 quibus
1223 1176 1278 1247 dei
1298 1184 1360 1247 aut

280 1318 511 1411 providentiae
529 1318 588 1389 lux
607 1318 725 1412 aliqua
749 1316 907 1398 adfulsit,
933 1316 989 1388 his
1017 1325 1052 1388 et
1070 1317 1163 1388 Fati.
1188 1317 1237 1386 Ut
1254 1315 1360 1386 iidem

279 1455 331 1527 illi
346 1455 449 1548 primi
467 1456 614 1550 purique
631 1455 790 1549 igniculi,
813 1453 872 1549 qui
890 1453 1023 1526 homini
1038 1454 1136 1524 illum
1155 1475 1326 1546 aperuere
1348 1476 1355 1520 ε

279 1594 489 1687 praeluxisse
507 1593 640 1687 pariter
654 1593 840 1664 videantur
857 1593 903 1663 ad
925 1592 1033 1664 istud.
1064 1592 1258 1663 Homerum
1279 1614 1359 1663 ecce

280 1734 388 1805 odiet
405 1735 501 1816 audi,
520 1734 671 1827 primum
685 1741 720 1805 et
738 1732 1039 1827 sapientissimum
1051 1740 1248 1826 poetarum.
1266 1755 1360 1803 men·

279 1872 361 1954 tior,
383 1873 412 1944 si
432 1874 537 1945 aliam
552 1873 666 1966 magis
684 1873 837 1945 orbitam
859 1873 978 1944 divina
997 1873 1061 1943 illa
1077 1873 1184 1944 Musa
1210 1872 1359 1944 calcavit

280 2019 316 2082 et
345 2010 676 2111 inculcavitquam
698 2012 790 2084 hanc
820 2012 992 2084 Fatalem.
1019 2014 1087 2082 Nec
1110 2011 1197 2081 abiit
1222 2011 1359 2105 reliqua

278 2156 463 2243 poetarum
482 2149 631 2244 stirpat
657 2174 721 2223 suo
748 2157 860 2245 patre.
887 2150 1104 2244 Euripidem,
1133 2149 1353 2243 Sophoclem,

280 2287 473 2359 Pindarum
492 2313 499 2358 ε
521 2295 593 2361 ete
613 2289 758 2372 nostris,
779 2289 967 2382 Virgilium
985 2289 1077 2361 vide.
1095 2289 1152 2360 Ad
1168 2289 1357 2362 historicos

276 2447 332 2496 me
348 2429 475 2498 vocasl
492 2428 648 2499 omnium
664 2428 736 2500 illae
749 2451 867 2510 voces,
886 2429 977 2500 Fato
995 2429 1062 2500 hoc
1080 2429 1151 2500 tale
1169 2427 1354 2511 accidisse,

277 2571 325 2648 et,
347 2565 476 2659 Regna
494 2590 619 2639 eversa
635 2574 698 2640 aut
716 2568 873 2640 stabilita
890 2568 1003 2640 Fatis.
1028 2568 1084 2640 Ad
1102 2568 1356 2663 philosophosl

279 2702 506 2797 quibuscum
527 2705 639 2800 major
660 2706 826 2779 eruendae
843 2714 878 2779 et
899 2707 1040 2778 tuendae
1066 2715 1191 2779 contra
1213 2708 1356 2802 vulgum

277 2841 451 2915 veritatis.
480 2842 527 2915 At
551 2844 603 2915 illi
621 2869 700 2916 cum
725 2845 762 2915 in
778 2845 955 2939 plerisque
977 2843 1056 2916 aliis
1083 2845 1213 2918 diversi
1236 2845 1352 2929 ierint,

277 2980 393 3052 studio
420 2988 456 3052 et
481 2982 575 3053 malo
597 2983 732 3054 ambitu
754 2981 931 3067 certandi;
960 2982 1088 3054 mirum
1111 3006 1216 3077 quam
1234 3006 1355 3056 omnes

277 3117 507 3191 convenerint
530 3119 567 3191 in
595 3121 697 3192 unius
723 3120 826 3215 hujus
844 3121 911 3193 viae
936 3122 1062 3216 capite,
1092 3145 1171 3216 quae
1198 3123 1293 3194 ducit
1309 3124 1354 3194 ad

277 3253 419 3328 Fatum.

324 4028 447 4123 Capita
473 4031 541 4103 viae
571 4031 656 4115 dixi,
683 4033 765 4127 quia
786 4057 856 4106 non
876 4059 917 4106 eo
944 4044 1122 4129 negatum,
1146 4037 1229 4133 quin
1248 4062 1290 4110 ea
1315 4038 1351 4109 in

272 4166 392 4259 plures
409 4192 490 4240 mox
509 4171 653 4243 semitas
671 4179 779 4244 secta.
809 4197 897 4267 quas
923 4184 1041 4246 tamen
1067 4199 1188 4248 omnes
1216 4176 1351 4248 adhoc
