3262 5190
722 484 903 545 -340-

272 666 399 736 mentis
430 664 617 756 vestigium
649 664 796 760 firmiter
824 687 903 734 eum
934 671 1082 756 premat.
1119 664 1189 733 Per
1223 662 1351 732 nubem

273 808 445 877 duntaxat
463 806 564 876 video
586 831 593 874 ε
612 811 646 876 et
661 803 833 897 suspicari
847 804 931 874 mihi
951 804 993 874 de
1012 826 1052 873 eo
1061 803 1135 895 juS,
1153 825 1223 873 non
1238 803 1347 883 scire;

273 948 421 1029 ambire,
444 947 588 1017 sednon
607 947 718 1017 adire.
741 945 841 1016 Finis
856 969 958 1038 quem
976 944 1136 1036 intelligo
1156 945 1351 1014 communis

274 1094 339 1166 est,
357 1093 392 1155 et
410 1085 525 1177 tangit
543 1084 856 1155 Conservationem
870 1083 944 1153 sive
962 1083 1102 1153 Cultum
1120 1083 1297 1153 Universi.

250 1665 255 1670 '
322 1575 374 1644 Ac
392 1574 435 1644 de
454 1573 730 1644 Conservatione
751 1570 891 1666 quidem
910 1594 951 1641 eo
966 1570 1138 1662 suspicor,
1157 1569 1249 1663 quod
1264 1570 1352 1640 deus

274 1713 332 1784 ille
351 1714 409 1806 qui
428 1713 605 1805 sapienter
623 1712 700 1782 haec
720 1711 838 1782 omnia
861 1711 1017 1782 condidit
1035 1719 1068 1781 et
1088 1711 1279 1804 disposuit;
1300 1710 1353 1780 ita

273 1852 440 1933 condidit,
459 1859 497 1922 ut
514 1851 655 1943 singula
674 1860 770 1922 certo
794 1874 952 1932 numero,
971 1858 1173 1942 augmento,
1195 1851 1351 1944 pondere

273 1990 448 2061 definiret.
471 2013 534 2060 nec
553 1990 693 2059 modum
708 2013 788 2105 eum
808 1989 927 2081 generi
951 1989 1074 2082 cuique
1093 1988 1261 2058 excedere
1279 1989 1347 2068 faS,

273 2131 349 2200 sine
363 2129 589 2199 inclinatione
603 2129 756 2198 omnium
772 2135 833 2198 aut
847 2127 961 2198 ruina.
973 2129 1026 2198 lta
1040 2128 1178 2218 magnis
1191 2127 1262 2197 illis
1275 2150 1353 2197 cor-

274 2269 418 2360 poribus
435 2268 489 2338 sui
504 2267 656 2337 termini.
671 2267 772 2347 coelo
792 2268 893 2337 mari.
907 2275 1014 2337 terrae
1029 2292 1035 2337 :
1054 2267 1105 2337 ita
1118 2267 1350 2338 animantium

273 2406 397 2498 cuique
412 2406 517 2475 saeclo
537 2406 732 2497 descriptus
751 2429 917 2475 numerus
936 2431 942 2475 :
965 2406 1116 2498 itemque
1135 2405 1347 2486 hominibus,

274 2531 756 2637 oppidis',regnisllxcedere
767 2569 809 2615 ea
821 2545 958 2615 volunt?
967 2545 1071 2616 turbo
1081 2544 1190 2637 igitur
1199 2520 1351 2616 cladium

273 2684 400 2778 aliquis
418 2692 549 2756 atterat
567 2709 747 2756 necessum
767 2693 821 2756 est
840 2695 874 2757 et
892 2667 1097 2778 tempestas.
1119 2687 1212 2755 Nam
1230 2685 1348 2764 aliter,

273 2833 434 2906 noceant,
457 2824 658 2919 laedantque
677 2826 949 2919 pulcherrimum
973 2825 1039 2895 hoe
1060 2847 1148 2917 opus
1168 2824 1347 2894 Universi.

273 2965 380 3058 lltqui
400 2965 568 3035 excedere
581 2967 704 3037 volunt
723 2991 830 3060 saepe,
848 2965 1047 3058 praesertim
1066 2988 1108 3035 ea
1122 2946 1247 3058 quibus
1267 2963 1352 3035 data

272 3103 329 3171 lex
353 3102 520 3193 gignendi
544 3104 805 3195 crescendique.
836 3104 1008 3173 Homines
1039 3126 1119 3173 ecce
1148 3103 1240 3174 vide.
1271 3104 1351 3197 quis

274 3247 378 3332 neget
397 3240 540 3310 densius
562 3264 624 3332 per
650 3249 812 3311 naturam
832 3265 897 3311 nos
925 3242 1035 3324 nasci,
1058 3265 1162 3334 quam
1181 3264 1243 3334 per
1256 3264 1352 3311 eam-

274 3379 352 3449 dem
376 3378 486 3447 mori'l
514 3378 602 3449 adeo
626 3387 663 3448 ut
685 3378 753 3448 duo
781 3379 890 3472 aliqui
918 3379 1077 3450 homines
1101 3404 1143 3450 ex
1170 3403 1234 3451 suo
1259 3388 1351 3450 coetu

274 3526 421 3588 centena
447 3517 563 3610 capita
586 3518 708 3611 paucis
732 3519 834 3588 annis
857 3519 1067 3611 producant,
1094 3543 1164 3589 nou
1191 3519 1353 3590 occidant

273 3655 377 3724 exiis
399 3655 490 3725 dena
511 3663 572 3726 aut
593 3656 728 3726 vicena.
751 3658 904 3747 Gregem
925 3657 1109 3748 pecudum.
1132 3634 1268 3728 crescat
1290 3657 1353 3727 im·

275 3817 446 3875 mensum,
468 3794 536 3863 nisi
556 3794 711 3885 pecuarii
734 3794 921 3887 quotannis
945 3804 1132 3866 secernant
1155 3795 1291 3889 aliquas
1317 3807 1353 3866 et

275 3933 410 4023 eligant
428 3934 473 4001 ad
499 3932 696 4003 macellum.
719 3934 813 4003 Aves
836 3936 871 4004 dt
889 3935 1003 4027 pisces
1032 3945 1116 4006 aera
1142 3937 1216 4006 sive
1242 3958 1353 4028 aquas

276 4071 372 4140 brevi
388 4071 567 4162 impleant,
578 4071 645 4140 nisi
661 4072 807 4143 dissidia
821 4075 982 4166 quaedam
997 4084 1032 4145 et
1044 4076 1140 4146 velut
1154 4075 1247 4145 bella
1260 4075 1354 4145 inter

275 4209 353 4300 ipsa
367 4210 449 4289 sint,
465 4210 615 4303 itemque
630 4210 768 4280 insidiae
783 4214 827 4283 ab
839 4213 994 4284 humana
1008 4225 1124 4306 geute.
1140 4215 1278 4308 Oppida
1291 4222 1354 4284 aut
