3262 5190
721 477 906 540 -406-

273 661 419 734 minutis
437 659 587 731 dominis
606 658 803 752 conjuncta,
824 664 860 728 et
884 678 954 728 non
971 655 1088 726 laetior
1105 654 1226 748 quovis
1245 652 1355 725 bello.

274 802 500 895 Quocumque
514 799 634 871 oculos
644 806 864 892 mentemque
878 806 1075 879 convertas
1097 819 1270 890 suspensa
1282 820 1359 867 om·

272 943 333 1012 nia
350 950 386 1012 et
403 948 581 1034 suspecta,
603 948 638 1011 et
656 948 694 1011 ut
712 938 748 1009 in
767 939 870 1010 domo
889 937 981 1009 male
999 937 1101 1020 fulta,
1118 937 1222 1030 signa
1238 936 1359 1031 pluria

273 1080 399 1152 ruinae.
429 1079 484 1149 Ad
507 1100 680 1149 summam
703 1076 830 1169 Langi‚
856 1084 895 1147 ut
917 1076 1072 1147 amnium
1094 1074 1250 1146 omnium
1271 1097 1357 1146 con·

274 1219 388 1295 fluxus
405 1217 441 1287 in
456 1217 636 1287 Oceanum
657 1241 664 1286 :
687 1215 738 1286 sic
756 1214 908 1285 cladium
926 1213 1065 1284 videtur
1082 1212 1118 1282 in
1136 1212 1202 1283 hoc
1222 1235 1353 1282 aevum.

273 1358 320 1428 Et
337 1378 504 1427 recenseo
526 1362 663 1425 tantum
690 1375 769 1447 quae
795 1353 832 1422 in
852 1352 1014 1423 manibus
1034 1352 1122 1444 jam,
1147 1360 1181 1421 et
1208 1350 1354 1430 adsunt,

273 1495 355 1590 quid
370 1518 412 1565 ea
423 1517 501 1589 quae
511 1493 713 1563 imminent?
729 1492 772 1562 de
785 1492 912 1585 quibus
922 1490 1100 1563 vereillud
1112 1489 1357 1583 Euripidaeum
1405 1578 1408 1583 .

274 1658 413 1715 canam,

515 1786 612 1842 Κακῶν
626 1787 641 1840 ὁ
655 1783 738 1847 τάλας
750 1783 861 1862 attam
876 1786 970 1862 εἰσορῶ

514 1904 657 1977 Τοσοῦτον,
674 1904 725 1966 ὣςε
740 1906 776 1978 μὴ
791 1903 851 1961 ποτ’
867 1905 984 1960 ἐκνεῦσαι
998 1903 1088 1963 πάλιν.

325 2093 481 2186 Langius
502 2093 547 2163 ad
571 2117 626 2163 me
647 2116 768 2164 severe
788 2101 823 2164 et
845 2093 880 2163 in
899 2093 1039 2163 modum
1059 2089 1266 2173 oodrcentis
1287 2091 1356 2163 ite-

276 2256 399 2303 rumne
421 2241 455 2304 te
473 2256 536 2326 per
554 2232 716 2326 querelas
734 2233 822 2303 istas
847 2232 988 2325 dejicis?
1016 2232 1141 2325 inquit.
1164 2232 1267 2303 Stare
1293 2231 1356 2300 tir·

275 2395 370 2441 mum
387 2378 421 2442 te
432 2371 508 2463 jam
527 2370 716 2463 putabam:
742 2377 777 2440 et
803 2371 913 2441 cadis.
933 2370 1082 2440 vulnera
1103 2378 1164 2440 tua
1190 2370 1316 2441 coiisse
1344 2394 1352 2439 :

276 2516 461 2579 retractas.
481 2509 597 2601 Atque
614 2507 721 2577 animi
740 2508 892 2600 quadam
912 2508 1028 2600 quiete
1047 2507 1110 2578 tibi
1129 2530 1216 2599 opus
1235 2515 1301 2589 est,
1323 2509 1356 2578 si
1415 2589 1417 2593 y

276 2667 452 2716 sanesces.
479 2643 774 2726 infelicissimum,
797 2644 863 2726 ais,
886 2645 953 2715 hoc
980 2668 1109 2717 ravum.
1130 2647 1243 2716 Vetus
1268 2645 1356 2716 mihi

275 2785 345 2856 ista
357 2784 485 2856 cantio.
508 2784 580 2855 scio
599 2807 703 2854 avum
721 2790 818 2854 tuum
837 2784 929 2854 idem
947 2783 1091 2864 dixisse,
1110 2782 1182 2853 scio
1200 2790 1352 2876 patrem,

276 2927 348 2998 scio
367 2934 528 3018 posteros
547 2925 702 2997 dicturos
716 2932 750 2995 et
769 2931 927 3017 nepotes.
946 2921 1094 2993 insitum
1107 2920 1174 2992 hoc
1191 2926 1357 2994 anatum

276 3068 430 3137 humano
449 3067 604 3158 ingenio,
623 3066 667 3135 ad
683 3065 799 3171 tristia
813 3065 942 3134 acriter
959 3064 1100 3135 flectere
1114 3063 1247 3145 oculos
1264 3085 1356 3157 prae-

277 3204 384 3275 terire
399 3227 477 3298 quoe
492 3203 590 3272 laeta.
609 3203 658 3272 Ut
672 3223 801 3270 muscae
820 3208 855 3270 et
872 3200 1040 3292 ejusmodi
1059 3201 1194 3272 insecta
1205 3200 1356 3271 laevibus

277 3338 463 3433 politisque
476 3337 561 3408 locis
580 3360 650 3407 non
669 3337 728 3407 diu
746 3335 911 3417 insident,
925 3337 1059 3408 scabris
1073 3337 1323 3408 adhaerescunt
1341 3362 1348 3408 :

278 3486 328 3558 sic
350 3485 497 3579 querula
521 3485 591 3555 ista
612 3508 710 3554 mens
733 3483 911 3554 meliorem
931 3492 1062 3554 sortem
1084 3484 1208 3555 leviter
1230 3492 1353 3555 trans-

277 3625 386 3708 volat,
408 3648 570 3719 asperam
589 3647 658 3693 non
673 3623 828 3694 dimittit.
850 3625 1009 3703 Tractat,
1027 3624 1180 3718 inspicit,
1203 3633 1238 3697 et
1254 3627 1354 3719 inge·

278 3766 376 3836 niose
398 3765 602 3859 plerumque
621 3771 740 3855 auget.
763 3762 876 3857 Atque
903 3773 941 3834 ut
967 3773 1126 3836 amantes
1152 3765 1188 3836 in
1213 3767 1356 3839 domina

278 3928 343 3976 sua
360 3927 550 3997 numquam
576 3926 646 3973 non
669 3903 864 3986 inveniunt,
887 3929 950 3975 cur
968 3906 1096 3977 eximia
1113 3930 1156 3977 ea
1181 3914 1263 3977 ante
1284 3930 1356 3978 om-

278 4067 369 4114 nes:
398 4043 448 4113 sic
471 4042 643 4124 dolentes,
665 4043 701 4112 in
727 4066 790 4114 suo
816 4044 924 4147 luctu.
947 4045 1131 4139 Fingimus
1153 4048 1223 4120 imo
1246 4071 1352 4130 vana,

278 4206 342 4254 uec
365 4183 557 4276 praesentia
587 4181 700 4252 solum
729 4183 900 4268 dolemus,
931 4186 993 4256 sed
1017 4185 1148 4258 futura.
1180 4188 1354 4266 Quotam
