3262 5190
737 501 918 563 -194-

339 678 394 749 Ab
419 678 580 750 instituto
604 678 660 749 hic
678 679 836 751 adfectus
859 680 980 773 igitur,
1007 703 1062 750 me
1080 679 1219 777 quidam
1235 680 1362 774 judica,

197 793 199 798 ¹
290 817 382 911 quod
401 817 430 888 si
446 820 467 886 a
485 823 625 899 natura,
638 823 677 887 ut
690 817 1215 911 tupertoudebas;quiditauon
1229 818 1364 912 pariter

289 955 325 1025 iu
353 978 488 1036 omues,
518 962 553 1026 et
582 955 705 1027 eadem
735 980 913 1038 mensura,
943 956 1113 1028 diffusus?
1141 979 1204 1028 cur
1229 956 1366 1027 nobiles

290 1094 486 1189 divitesque
500 1095 651 1189 patriam
665 1095 780 1188 magis
794 1104 927 1177 amant,
946 1096 1092 1166 ourautl
1112 1094 1226 1165 miuus
1239 1094 1365 1187 plebeii

290 1240 351 1305 aut
375 1233 511 1327 inopes,
533 1255 621 1327 quos
645 1232 849 1327 plerumque
875 1254 1039 1303 curarum
1062 1254 1205 1302 suarum
1227 1230 1362 1310 videas,

288 1371 429 1465 publica
446 1337 590 1442 omissa.
608 1370 711 1448 Quod
727 1377 846 1441 tamen
864 1369 968 1441 aliter
985 1369 1126 1441 evoniro
1144 1375 1277 1440 certum
1296 1377 1362 1449 est,

287 1510 324 1580 iu
358 1509 452 1580 omui
483 1509 633 1591 adiectu,
667 1508 726 1602 qui
756 1511 778 1578 a
806 1508 960 1579 violento
984 1505 1088 1598 jussu
1121 1512 1259 1576 naturae
1283 1528 1365 1598 pro·

290 1656 423 1720 manat.

338 2017 497 2110 Denique
515 2015 597 2110 quid
616 2039 753 2087 oaussae
771 2016 923 2098 adfare&
939 2016 1032 2108 quod
1049 2020 1122 2085 tam
1139 2014 1227 2084 lovis
1241 2035 1367 2083 caussa

290 2176 385 2248 saapo
411 2177 490 2225 oum
520 2153 644 2224 minuit
665 2160 736 2230 ,aut
761 2153 872 2224 tollitl
899 2154 991 2224 Ecce
1022 2151 1130 2222 alium
1155 2151 1228 2231 ira,
1258 2150 1366 2222 alium

290 2313 402 2373 amor,
424 2291 594 2385 quosdam
612 2290 756 2362 ambitio
774 2290 891 2384 patria
908 2290 1026 2361 elicuit
1051 2316 1058 2360 :
1089 2296 1124 2360 et
1140 2288 1244 2361 hodio
1261 2311 1366 2383 quam

289 2429 419 2501 multos
445 2429 595 2501 Lucrius
621 2430 680 2501 illo
710 2429 819 2501 deusl
851 2429 944 2507 Quot
970 2429 1064 2510 Itali,
1094 2429 1218 2500 relicta
1243 2428 1367 2520 regina

290 2568 473 2660 regionum
492 2568 607 2650 ltalia,
627 2567 663 2638 iu
682 2567 848 2651 Galliam,
871 2567 1111 2650 Germaniam,
1132 2567 1203 2638 imo
1222 2567 1365 2639 Sarma·

288 2705 374 2777 tiam
397 2706 499 2776 sedes
516 2703 775 2776 transtulerunt
799 2714 835 2777 et
857 2704 1022 2789 fixerunt,
1043 2713 1202 2799 quaestus
1228 2712 1364 2776 tautum

289 2830 439 2909 caussal
454 2818 694 2921 Hispanorum
704 2835 788 2921 quot
800 2827 910 2898 millia
923 2828 1112 2921 quotannis
1125 2828 1162 2899 in
1176 2828 1362 2922 seposita&

289 2959 324 3022 et
355 2950 419 3021 sub
445 2949 515 3020 alio
543 2950 616 3021 solo
640 2956 768 3031 torraS,
794 2949 946 3020 avaritia
970 2955 1031 3019 aut
1059 2947 1203 3020 ambitio
1233 2948 1342 3020 trahit
1351 2950 1365 3018 t

289 3073 422 3164 Magno
442 3070 601 3141 hercules
615 3077 649 3140 et
666 3069 783 3139 valido
802 3076 1023 3161 argumento,
1040 3076 1224 3141 externum
1242 3078 1277 3142 ot
1291 3073 1364 3165 opi-

291 3191 408 3262 nabile
431 3198 542 3262 totum
568 3190 633 3261 hoo
649 3190 802 3261 vinclum
819 3214 908 3273 essa,
926 3191 1019 3284 quod
1042 3215 1112 3262 uua
1133 3190 1251 3285 aliqua
1270 3194 1365 3286 cupi·
1502 3214 1504 3219 ’

292 3313 385 3384 ditas
403 3320 475 3384 tam
490 3319 621 3384 temere
640 3311 744 3383 solvit
761 3321 823 3383 aut
837 3312 979 3406 rumpit.

340 4072 387 4143 At
405 4095 504 4142 erras
534 4071 640 4142 etiam
666 4072 825 4164 largiter,
853 4074 965 4167 Lipsi,
991 4075 1027 4145 in
1048 4071 1365 4145 circumscribeuda

291 4213 406 4306 patria
420 4213 510 4306 ipsa.
524 4211 734 4305 Adstringes
748 4213 840 4283 euim
854 4236 931 4283 eam
946 4214 991 4285 ad
1005 4214 1123 4284 natale
1136 4211 1222 4282 illud
1236 4213 1361 4293 solum,
