<?xml version="1.0" encoding="UTF-8"?>
<!DOCTYPE html PUBLIC "-//W3C//DTD XHTML 1.0 Transitional//EN"
    "http://www.w3.org/TR/xhtml1/DTD/xhtml1-transitional.dtd">
<html xmlns="http://www.w3.org/1999/xhtml" xml:lang="en" lang="en">
 <head>
  <title>
</title>
<meta http-equiv="Content-Type" content="text/html;charset=utf-8" />
  <meta name='ocr-system' content='tesseract 3.04.00' />
  <meta name='ocr-capabilities' content='ocr_page ocr_carea ocr_par ocr_line ocrx_word'/>
</head>
<body>
  <div class='ocr_page' id='page_1' title='image "./traitdelaconsta00boisgoog_0157.png"; bbox 0 0 3262 5190; ppageno 0'>
   <div class='ocr_carea' id='block_1_1' title="bbox 720 518 904 580">
    <p class='ocr_par' dir='ltr' id='par_1_1' title="bbox 720 518 904 580">
     <span class='ocr_line' id='line_1_1' title="bbox 720 518 904 580; baseline 0 -1"><span class='ocrx_word' id='word_1_1' title='bbox 720 551 760 563; x_wconf 92' lang='lat'>-</span> <span class='ocrx_word' id='word_1_2' title='bbox 786 518 904 580; x_wconf 75' lang='lat' dir='ltr'><strong>loa—-</strong></span> 
     </span>
    </p>
   </div>
   <div class='ocr_carea' id='block_1_2' title="bbox 273 694 1353 1615">
    <p class='ocr_par' dir='ltr' id='par_1_2' title="bbox 273 694 1353 1615">
     <span class='ocr_line' id='line_1_2' title="bbox 273 694 1347 789; baseline -0.002 -21"><span class='ocrx_word' id='word_1_3' title='bbox 273 695 380 768; x_wconf 89' lang='lat' dir='ltr'><strong>animi</strong></span> <span class='ocrx_word' id='word_1_4' title='bbox 398 694 523 775; x_wconf 80' lang='lat' dir='ltr'><strong>oritur.</strong></span> <span class='ocrx_word' id='word_1_5' title='bbox 546 695 608 765; x_wconf 90' lang='lat' dir='ltr'><strong>sed</strong></span> <span class='ocrx_word' id='word_1_6' title='bbox 625 717 747 765; x_wconf 89' lang='lat' dir='ltr'><strong>omnes</strong></span> <span class='ocrx_word' id='word_1_7' title='bbox 765 695 972 775; x_wconf 55' lang='lat' dir='ltr'><strong>i1i2hacvita</strong></span> <span class='ocrx_word' id='word_1_8' title='bbox 990 694 1113 765; x_wconf 86' lang='lat' dir='ltr'><strong>laudes</strong></span> <span class='ocrx_word' id='word_1_9' title='bbox 1132 702 1194 765; x_wconf 88' lang='lat' dir='ltr'><strong>aut</strong></span> <span class='ocrx_word' id='word_1_10' title='bbox 1208 695 1322 789; x_wconf 86' lang='lat' dir='ltr'><strong>cnlpae</strong></span> <span class='ocrx_word' id='word_1_11' title='bbox 1340 721 1347 766; x_wconf 93' lang='lat'>:</span> 
     </span>
     <span class='ocr_line' id='line_1_3' title="bbox 273 831 1351 927; baseline 0.002 -25"><span class='ocrx_word' id='word_1_12' title='bbox 273 856 337 926; x_wconf 95' lang='lat' dir='ltr'><strong>pro</strong></span> <span class='ocrx_word' id='word_1_13' title='bbox 352 832 442 904; x_wconf 93' lang='lat' dir='ltr'><strong>bono</strong></span> <span class='ocrx_word' id='word_1_14' title='bbox 462 831 608 925; x_wconf 88' lang='lat' dir='ltr'><strong>utilique</strong></span> <span class='ocrx_word' id='word_1_15' title='bbox 625 832 783 903; x_wconf 85' lang='lat' dir='ltr'><strong>facturus</strong></span> <span class='ocrx_word' id='word_1_16' title='bbox 801 832 885 902; x_wconf 90' lang='lat' dir='ltr'><strong>mihi</strong></span> <span class='ocrx_word' id='word_1_17' title='bbox 903 833 1037 915; x_wconf 84' lang='lat' dir='ltr'><strong>videor,</strong></span> <span class='ocrx_word' id='word_1_18' title='bbox 1059 833 1089 904; x_wconf 88' lang='lat' dir='ltr'><strong>si</strong></span> <span class='ocrx_word' id='word_1_19' title='bbox 1103 833 1147 904; x_wconf 88' lang='lat' dir='ltr'><strong>de</strong></span> <span class='ocrx_word' id='word_1_20' title='bbox 1166 833 1351 927; x_wconf 86' lang='lat' dir='ltr'><strong>utriusque</strong></span> 
     </span>
     <span class='ocr_line' id='line_1_4' title="bbox 274 970 1353 1064; baseline -0.001 -23"><span class='ocrx_word' id='word_1_21' title='bbox 274 971 411 1063; x_wconf 82' lang='lat' dir='ltr'><strong>origine</strong></span> <span class='ocrx_word' id='word_1_22' title='bbox 429 978 464 1041; x_wconf 91' lang='lat' dir='ltr'><strong>et</strong></span> <span class='ocrx_word' id='word_1_23' title='bbox 478 977 607 1041; x_wconf 89' lang='lat' dir='ltr'><strong>natura</strong></span> <span class='ocrx_word' id='word_1_24' title='bbox 631 971 774 1042; x_wconf 85' lang='lat' dir='ltr'><strong>uberius</strong></span> <span class='ocrx_word' id='word_1_25' title='bbox 800 970 918 1064; x_wconf 89' lang='lat' dir='ltr'><strong>paullo</strong></span> <span class='ocrx_word' id='word_1_26' title='bbox 936 970 1062 1043; x_wconf 90' lang='lat' dir='ltr'><strong>dicam.</strong></span> <span class='ocrx_word' id='word_1_27' title='bbox 1086 972 1136 1042; x_wconf 89' lang='lat' dir='ltr'><strong>Ut</strong></span> <span class='ocrx_word' id='word_1_28' title='bbox 1157 971 1249 1042; x_wconf 89' lang='lat' dir='ltr'><strong>enirn</strong></span> <span class='ocrx_word' id='word_1_29' title='bbox 1268 971 1353 1042; x_wconf 87' lang='lat' dir='ltr'><strong>lana</strong></span> 
     </span>
     <span class='ocr_line' id='line_1_5' title="bbox 275 1107 1353 1203; baseline 0.002 -26"><span class='ocrx_word' id='word_1_30' title='bbox 275 1109 478 1201; x_wconf 88' lang='lat' dir='ltr'><strong>priusquam</strong></span> <span class='ocrx_word' id='word_1_31' title='bbox 498 1107 659 1179; x_wconf 90' lang='lat' dir='ltr'><strong>ultimum</strong></span> <span class='ocrx_word' id='word_1_32' title='bbox 681 1108 780 1179; x_wconf 89' lang='lat' dir='ltr'><strong>illum</strong></span> <span class='ocrx_word' id='word_1_33' title='bbox 802 1117 837 1180; x_wconf 87' lang='lat' dir='ltr'><strong>et</strong></span> <span class='ocrx_word' id='word_1_34' title='bbox 855 1110 1024 1203; x_wconf 90' lang='lat' dir='ltr'><strong>optimum</strong></span> <span class='ocrx_word' id='word_1_35' title='bbox 1049 1109 1202 1182; x_wconf 88' lang='lat' dir='ltr'><strong>colorem</strong></span> <span class='ocrx_word' id='word_1_36' title='bbox 1225 1109 1353 1180; x_wconf 90' lang='lat' dir='ltr'><strong>combi-</strong></span> 
     </span>
     <span class='ocr_line' id='line_1_6' title="bbox 275 1245 1353 1339; baseline 0.001 -23"><span class='ocrx_word' id='word_1_37' title='bbox 275 1245 348 1327; x_wconf 83' lang='lat' dir='ltr'><strong>bat,</strong></span> <span class='ocrx_word' id='word_1_38' title='bbox 374 1246 487 1316; x_wconf 88' lang='lat' dir='ltr'><strong>succis</strong></span> <span class='ocrx_word' id='word_1_39' title='bbox 516 1245 726 1339; x_wconf 82' lang='lat' dir='ltr'><strong>quibusdam</strong></span> <span class='ocrx_word' id='word_1_40' title='bbox 749 1246 829 1317; x_wconf 89' lang='lat' dir='ltr'><strong>aliis</strong></span> <span class='ocrx_word' id='word_1_41' title='bbox 851 1246 1088 1339; x_wconf 85' lang='lat' dir='ltr'><strong>praeparanda</strong></span> <span class='ocrx_word' id='word_1_42' title='bbox 1108 1254 1143 1317; x_wconf 90' lang='lat' dir='ltr'><strong>et</strong></span> <span class='ocrx_word' id='word_1_43' title='bbox 1164 1246 1353 1317; x_wconf 89' lang='lat' dir='ltr'><strong>imbuenda</strong></span> 
     </span>
     <span class='ocr_line' id='line_1_7' title="bbox 275 1382 1351 1478; baseline 0 -24"><span class='ocrx_word' id='word_1_44' title='bbox 275 1391 329 1455; x_wconf 89' lang='lat' dir='ltr'><strong>est</strong></span> <span class='ocrx_word' id='word_1_45' title='bbox 351 1409 357 1454; x_wconf 94' lang='lat'><strong>:</strong></span> <span class='ocrx_word' id='word_1_46' title='bbox 381 1384 432 1454; x_wconf 90' lang='lat' dir='ltr'><strong>sic</strong></span> <span class='ocrx_word' id='word_1_47' title='bbox 445 1383 732 1477; x_wconf 74' lang='lat' dir='ltr'><strong>praedictionibus</strong></span> <span class='ocrx_word' id='word_1_48' title='bbox 749 1383 827 1455; x_wconf 87' lang='lat' dir='ltr'><strong>istis</strong></span> <span class='ocrx_word' id='word_1_49' title='bbox 847 1391 928 1455; x_wconf 89' lang='lat' dir='ltr'><strong>tuus</strong></span> <span class='ocrx_word' id='word_1_50' title='bbox 943 1383 1041 1478; x_wconf 89' lang='lat' dir='ltr'><strong>Lipsi</strong></span> <span class='ocrx_word' id='word_1_51' title='bbox 1066 1384 1217 1465; x_wconf 59' lang='lat' dir='ltr'><strong>animun</strong></span> <span class='ocrx_word' id='word_1_52' title='bbox 1234 1382 1351 1477; x_wconf 86' lang='lat' dir='ltr'><strong>prius·</strong></span> 
     </span>
     <span class='ocr_line' id='line_1_8' title="bbox 276 1520 1249 1615; baseline 0.003 -25"><span class='ocrx_word' id='word_1_53' title='bbox 276 1543 380 1614; x_wconf 88' lang='lat' dir='ltr'><strong>qnam</strong></span> <span class='ocrx_word' id='word_1_54' title='bbox 400 1543 480 1592; x_wconf 89' lang='lat' dir='ltr'><strong>enm</strong></span> <span class='ocrx_word' id='word_1_55' title='bbox 493 1520 560 1592; x_wconf 91' lang='lat' dir='ltr'><strong>hac</strong></span> <span class='ocrx_word' id='word_1_56' title='bbox 577 1521 796 1593; x_wconf 84' lang='lat' dir='ltr'><strong>Constantiae</strong></span> <span class='ocrx_word' id='word_1_57' title='bbox 815 1544 972 1615; x_wconf 84' lang='lat' dir='ltr'>purpura</span> <span class='ocrx_word' id='word_1_58' title='bbox 990 1523 1083 1594; x_wconf 89' lang='lat' dir='ltr'><strong>serio</strong></span> <span class='ocrx_word' id='word_1_59' title='bbox 1101 1522 1249 1614; x_wconf 86' lang='lat' dir='ltr'><strong>tingam.</strong></span> 
     </span>
    </p>
   </div>
   <div class='ocr_carea' id='block_1_3' title="bbox 278 1924 1355 2429">
    <p class='ocr_par' dir='ltr' id='par_1_3' title="bbox 278 1924 1355 2429">
     <span class='ocr_line' id='line_1_9' title="bbox 327 1924 1350 2020; baseline 0.002 -24"><span class='ocrx_word' id='word_1_60' title='bbox 327 1925 429 2003; x_wconf 87' lang='lat' dir='ltr'><strong>Quod</strong></span> <span class='ocrx_word' id='word_1_61' title='bbox 455 1924 564 2017; x_wconf 88' lang='lat' dir='ltr'><strong>igitur</strong></span> <span class='ocrx_word' id='word_1_62' title='bbox 588 1932 622 1995; x_wconf 85' lang='lat' dir='ltr'><strong>te</strong></span> <span class='ocrx_word' id='word_1_63' title='bbox 652 1947 722 1996; x_wconf 93' lang='lat' dir='ltr'><strong>non</strong></span> <span class='ocrx_word' id='word_1_64' title='bbox 748 1925 850 2019; x_wconf 85' lang='lat' dir='ltr'><strong>fugit,</strong></span> <span class='ocrx_word' id='word_1_65' title='bbox 878 1926 957 1998; x_wconf 90' lang='lat' dir='ltr'><strong>duae</strong></span> <span class='ocrx_word' id='word_1_66' title='bbox 983 1927 1019 1997; x_wconf 93' lang='lat' dir='ltr'><strong>in</strong></span> <span class='ocrx_word' id='word_1_67' title='bbox 1044 1926 1186 2000; x_wconf 91' lang='lat' dir='ltr'><strong>homine</strong></span> <span class='ocrx_word' id='word_1_68' title='bbox 1211 1934 1350 2020; x_wconf 87' lang='lat' dir='ltr'><strong>partes;</strong></span> 
     </span>
     <span class='ocr_line' id='line_1_10' title="bbox 278 2062 1353 2157; baseline -0.001 -22"><span class='ocrx_word' id='word_1_69' title='bbox 278 2065 406 2135; x_wconf 89' lang='lat' dir='ltr'><strong>Anima</strong></span> <span class='ocrx_word' id='word_1_70' title='bbox 424 2071 458 2135; x_wconf 91' lang='lat' dir='ltr'><strong>et</strong></span> <span class='ocrx_word' id='word_1_71' title='bbox 476 2063 612 2156; x_wconf 87' lang='lat' dir='ltr'><strong>Corpus</strong></span> <span class='ocrx_word' id='word_1_72' title='bbox 634 2062 724 2133; x_wconf 90' lang='lat' dir='ltr'><strong>:illa</strong></span> <span class='ocrx_word' id='word_1_73' title='bbox 745 2062 908 2144; x_wconf 88' lang='lat' dir='ltr'><strong>nobilior,</strong></span> <span class='ocrx_word' id='word_1_74' title='bbox 934 2085 1013 2157; x_wconf 85' lang='lat' dir='ltr'><strong>quae</strong></span> <span class='ocrx_word' id='word_1_75' title='bbox 1032 2063 1194 2156; x_wconf 89' lang='lat' dir='ltr'><strong>spiritum</strong></span> <span class='ocrx_word' id='word_1_76' title='bbox 1219 2064 1353 2157; x_wconf 88' lang='lat' dir='ltr'><strong>ignem·</strong></span> 
     </span>
     <span class='ocr_line' id='line_1_11' title="bbox 279 2196 1355 2296; baseline -0.003 -23"><span class='ocrx_word' id='word_1_77' title='bbox 279 2226 345 2296; x_wconf 85' lang='lat' dir='ltr'><strong>que</strong></span> <span class='ocrx_word' id='word_1_78' title='bbox 363 2202 472 2273; x_wconf 85' lang='lat' dir='ltr'><strong>refert</strong></span> <span class='ocrx_word' id='word_1_79' title='bbox 492 2226 500 2271; x_wconf 77' lang='grc' dir='ltr'>ε</span> <span class='ocrx_word' id='word_1_80' title='bbox 522 2199 600 2271; x_wconf 89' lang='lat' dir='ltr'><strong>haec</strong></span> <span class='ocrx_word' id='word_1_81' title='bbox 616 2199 731 2279; x_wconf 80' lang='lat' dir='ltr'><strong>vilior.</strong></span> <span class='ocrx_word' id='word_1_82' title='bbox 753 2222 832 2292; x_wconf 84' lang='lat' dir='ltr'><strong>quae</strong></span> <span class='ocrx_word' id='word_1_83' title='bbox 853 2207 997 2270; x_wconf 86' lang='lat' dir='ltr'><strong>terram.</strong></span> <span class='ocrx_word' id='word_1_84' title='bbox 1021 2196 1143 2271; x_wconf 88' lang='lat' dir='ltr'><strong>Iuncta</strong></span> <span class='ocrx_word' id='word_1_85' title='bbox 1168 2201 1238 2271; x_wconf 88' lang='lat' dir='ltr'><strong>ista</strong></span> <span class='ocrx_word' id='word_1_86' title='bbox 1262 2200 1355 2271; x_wconf 79' lang='lat' dir='ltr'><strong>inter</strong></span> 
     </span>
     <span class='ocr_line' id='line_1_12' title="bbox 279 2335 1355 2429; baseline -0.001 -20"><span class='ocrx_word' id='word_1_87' title='bbox 279 2362 330 2419; x_wconf 87' lang='lat' dir='ltr'><strong>se,</strong></span> <span class='ocrx_word' id='word_1_88' title='bbox 352 2339 415 2408; x_wconf 90' lang='lat' dir='ltr'><strong>sed</strong></span> <span class='ocrx_word' id='word_1_89' title='bbox 428 2337 616 2408; x_wconf 90' lang='lat' dir='ltr'><strong>concordia</strong></span> <span class='ocrx_word' id='word_1_90' title='bbox 629 2336 781 2429; x_wconf 89' lang='lat' dir='ltr'><strong>quadam</strong></span> <span class='ocrx_word' id='word_1_91' title='bbox 795 2335 947 2407; x_wconf 85' lang='lat' dir='ltr'><strong>discordi</strong></span> <span class='ocrx_word' id='word_1_92' title='bbox 965 2362 972 2406; x_wconf 92' lang='lat'>:</span> <span class='ocrx_word' id='word_1_93' title='bbox 991 2360 1055 2408; x_wconf 88' lang='lat' dir='ltr'><strong>nec</strong></span> <span class='ocrx_word' id='word_1_94' title='bbox 1073 2337 1175 2409; x_wconf 87' lang='lat' dir='ltr'><strong>facile</strong></span> <span class='ocrx_word' id='word_1_95' title='bbox 1188 2336 1281 2409; x_wconf 91' lang='lat' dir='ltr'><strong>inter</strong></span> <span class='ocrx_word' id='word_1_96' title='bbox 1294 2360 1355 2409; x_wconf 88' lang='lat' dir='ltr'><strong>eas</strong></span> 
     </span>
    </p>
   </div>
   <div class='ocr_carea' id='block_1_4' title="bbox 280 2472 1459 2567">
    <p class='ocr_par' dir='ltr' id='par_1_4' title="bbox 280 2472 1459 2567">
     <span class='ocr_line' id='line_1_13' title="bbox 280 2472 1459 2567; baseline 0.001 -22"><span class='ocrx_word' id='word_1_97' title='bbox 280 2474 454 2555; x_wconf 84' lang='lat' dir='ltr'><strong>convenit,</strong></span> <span class='ocrx_word' id='word_1_98' title='bbox 478 2472 596 2567; x_wconf 89' lang='lat' dir='ltr'><strong>utique</strong></span> <span class='ocrx_word' id='word_1_99' title='bbox 615 2494 692 2542; x_wconf 92' lang='lat' dir='ltr'><strong>cum</strong></span> <span class='ocrx_word' id='word_1_100' title='bbox 719 2472 762 2543; x_wconf 88' lang='lat' dir='ltr'><strong>de</strong></span> <span class='ocrx_word' id='word_1_101' title='bbox 784 2473 929 2566; x_wconf 88' lang='lat' dir='ltr'><strong>imperio</strong></span> <span class='ocrx_word' id='word_1_102' title='bbox 954 2474 1073 2567; x_wconf 86' lang='lat' dir='ltr'><strong>agitur</strong></span> <span class='ocrx_word' id='word_1_103' title='bbox 1091 2483 1153 2546; x_wconf 89' lang='lat' dir='ltr'><strong>aut</strong></span> <span class='ocrx_word' id='word_1_104' title='bbox 1170 2475 1351 2546; x_wconf 78' lang='lat' dir='ltr'><strong>servitute,</strong></span> <span class='ocrx_word' id='word_1_105' title='bbox 1457 2504 1459 2509; x_wconf 94' lang='lat'>·</span> 
     </span>
    </p>
   </div>
   <div class='ocr_carea' id='block_1_5' title="bbox 280 2610 1355 2983">
    <p class='ocr_par' dir='ltr' id='par_1_5' title="bbox 280 2610 1355 2983">
     <span class='ocr_line' id='line_1_14' title="bbox 281 2610 1351 2705; baseline 0 -22"><span class='ocrx_word' id='word_1_106' title='bbox 281 2613 421 2705; x_wconf 86' lang='lat' dir='ltr'><strong>Regera</strong></span> <span class='ocrx_word' id='word_1_107' title='bbox 435 2610 527 2682; x_wconf 87' lang='lat' dir='ltr'><strong>enim</strong></span> <span class='ocrx_word' id='word_1_108' title='bbox 541 2617 689 2704; x_wconf 86' lang='lat' dir='ltr'><strong>utraque</strong></span> <span class='ocrx_word' id='word_1_109' title='bbox 703 2611 790 2693; x_wconf 87' lang='lat' dir='ltr'><strong>vult,</strong></span> <span class='ocrx_word' id='word_1_110' title='bbox 807 2617 843 2682; x_wconf 91' lang='lat' dir='ltr'><strong>et</strong></span> <span class='ocrx_word' id='word_1_111' title='bbox 856 2611 969 2704; x_wconf 90' lang='lat' dir='ltr'><strong>magis</strong></span> <span class='ocrx_word' id='word_1_112' title='bbox 983 2611 1045 2682; x_wconf 91' lang='lat' dir='ltr'><strong>illa</strong></span> <span class='ocrx_word' id='word_1_113' title='bbox 1057 2634 1136 2705; x_wconf 88' lang='lat' dir='ltr'><strong>quae</strong></span> <span class='ocrx_word' id='word_1_114' title='bbox 1150 2634 1221 2682; x_wconf 95' lang='lat' dir='ltr'><strong>non</strong></span> <span class='ocrx_word' id='word_1_115' title='bbox 1235 2612 1351 2684; x_wconf 88' lang='lat' dir='ltr'><strong>debet.</strong></span> 
     </span>
     <span class='ocr_line' id='line_1_15' title="bbox 280 2749 1355 2843; baseline -0.001 -21"><span class='ocrx_word' id='word_1_116' title='bbox 280 2752 393 2822; x_wconf 88' lang='lat' dir='ltr'><strong>Terra</strong></span> <span class='ocrx_word' id='word_1_117' title='bbox 410 2749 574 2821; x_wconf 78' lang='lat' dir='ltr'><strong>attollere</strong></span> <span class='ocrx_word' id='word_1_118' title='bbox 597 2772 635 2821; x_wconf 86' lang='lat' dir='ltr'><strong>se</strong></span> <span class='ocrx_word' id='word_1_119' title='bbox 658 2772 766 2843; x_wconf 83' lang='lat' dir='ltr'><strong>supra</strong></span> <span class='ocrx_word' id='word_1_120' title='bbox 782 2750 900 2842; x_wconf 88' lang='lat' dir='ltr'><strong>ignem</strong></span> <span class='ocrx_word' id='word_1_121' title='bbox 927 2774 1030 2822; x_wconf 88' lang='lat' dir='ltr'><strong>suum</strong></span> <span class='ocrx_word' id='word_1_122' title='bbox 1048 2758 1209 2831; x_wconf 88' lang='lat' dir='ltr'><strong>conatur,</strong></span> <span class='ocrx_word' id='word_1_123' title='bbox 1232 2759 1355 2822; x_wconf 83' lang='grc'><strong>01000-</strong></span> 
     </span>
     <span class='ocr_line' id='line_1_16' title="bbox 281 2889 1352 2983; baseline 0 -23"><span class='ocrx_word' id='word_1_124' title='bbox 281 2913 364 2960; x_wconf 90' lang='lat' dir='ltr'><strong>num</strong></span> <span class='ocrx_word' id='word_1_125' title='bbox 377 2889 443 2961; x_wconf 93' lang='lat' dir='ltr'><strong>hoc</strong></span> <span class='ocrx_word' id='word_1_126' title='bbox 457 2913 565 2983; x_wconf 87' lang='lat' dir='ltr'><strong>supra</strong></span> <span class='ocrx_word' id='word_1_127' title='bbox 579 2889 718 2961; x_wconf 89' lang='lat' dir='ltr'><strong>coelum.</strong></span> <span class='ocrx_word' id='word_1_128' title='bbox 737 2890 829 2960; x_wconf 90' lang='lat' dir='ltr'><strong>Hinc</strong></span> <span class='ocrx_word' id='word_1_129' title='bbox 843 2891 878 2960; x_wconf 94' lang='lat' dir='ltr'><strong>in</strong></span> <span class='ocrx_word' id='word_1_130' title='bbox 893 2890 1033 2961; x_wconf 86' lang='lat' dir='ltr'><strong>homine</strong></span> <span class='ocrx_word' id='word_1_131' title='bbox 1047 2889 1207 2972; x_wconf 86' lang='lat' dir='ltr'><strong>dissidia,</strong></span> <span class='ocrx_word' id='word_1_132' title='bbox 1224 2892 1352 2971; x_wconf 77' lang='lat' dir='ltr'><strong>turbae,</strong></span> 
     </span>
    </p>
   </div>
   <div class='ocr_carea' id='block_1_6' title="bbox 268 3005 1357 3120">
    <p class='ocr_par' dir='ltr' id='par_1_6' title="bbox 268 3005 1357 3120">
     <span class='ocr_line' id='line_1_17' title="bbox 268 3005 1357 3120; baseline 0.001 -22"><span class='ocrx_word' id='word_1_133' title='bbox 268 3005 317 3098; x_wconf 82' lang='lat' dir='ltr'><strong>et</strong></span> <span class='ocrx_word' id='word_1_134' title='bbox 334 3027 439 3097; x_wconf 88' lang='lat' dir='ltr'><strong>veluti</strong></span> <span class='ocrx_word' id='word_1_135' title='bbox 460 3027 609 3098; x_wconf 91' lang='lat' dir='ltr'><strong>adsidua</strong></span> <span class='ocrx_word' id='word_1_136' title='bbox 626 3027 789 3120; x_wconf 85' lang='lat' dir='ltr'><strong>quaedam</strong></span> <span class='ocrx_word' id='word_1_137' title='bbox 806 3027 1026 3098; x_wconf 81' lang='lat' dir='ltr'><strong>volitantium</strong></span> <span class='ocrx_word' id='word_1_138' title='bbox 1044 3028 1135 3099; x_wconf 89' lang='lat' dir='ltr'><strong>inter</strong></span> <span class='ocrx_word' id='word_1_139' title='bbox 1153 3051 1191 3099; x_wconf 90' lang='lat' dir='ltr'><strong>se</strong></span> <span class='ocrx_word' id='word_1_140' title='bbox 1204 3028 1357 3120; x_wconf 90' lang='lat' dir='ltr'><strong>partium</strong></span> 
     </span>
    </p>
   </div>
   <div class='ocr_carea' id='block_1_7' title="bbox 281 3152 1357 3392">
    <p class='ocr_par' dir='ltr' id='par_1_7' title="bbox 281 3152 1357 3392">
     <span class='ocr_line' id='line_1_18' title="bbox 281 3152 1357 3257; baseline 0.001 -23"><span class='ocrx_word' id='word_1_141' title='bbox 281 3185 413 3257; x_wconf 80' lang='lat' dir='ltr'><strong>pugna,</strong></span> <span class='ocrx_word' id='word_1_142' title='bbox 442 3163 506 3233; x_wconf 87' lang='lat' dir='ltr'><strong>Cui</strong></span> <span class='ocrx_word' id='word_1_143' title='bbox 532 3163 637 3234; x_wconf 85' lang='lat' dir='ltr'><strong>duces</strong></span> <span class='ocrx_word' id='word_1_144' title='bbox 664 3170 698 3234; x_wconf 89' lang='lat' dir='ltr'><strong>et</strong></span> <span class='ocrx_word' id='word_1_145' title='bbox 723 3170 890 3256; x_wconf 89' lang='lat' dir='ltr'><strong>tanquam</strong></span> <span class='ocrx_word' id='word_1_146' title='bbox 916 3164 1160 3257; x_wconf 65' lang='lat' dir='ltr'><strong>imperatum,</strong></span> <span class='ocrx_word' id='word_1_147' title='bbox 1181 3152 1295 3237; x_wconf 74' lang='lat' dir='ltr'><strong>&#39;Ratio</strong></span> <span class='ocrx_word' id='word_1_148' title='bbox 1322 3173 1357 3236; x_wconf 88' lang='lat' dir='ltr'><strong>et</strong></span> 
     </span>
     <span class='ocr_line' id='line_1_19' title="bbox 284 3298 424 3392; baseline 0 -22"><span class='ocrx_word' id='word_1_149' title='bbox 284 3298 424 3392; x_wconf 81' lang='lat' dir='ltr'><strong>Opinio</strong></span> 
     </span>
    </p>
   </div>
   <div class='ocr_carea' id='block_1_8' title="bbox 284 3672 1360 4316">
    <p class='ocr_par' dir='ltr' id='par_1_8' title="bbox 284 3672 1360 4316">
     <span class='ocr_line' id='line_1_20' title="bbox 335 3672 1359 3768; baseline 0.005 -27"><span class='ocrx_word' id='word_1_150' title='bbox 335 3672 400 3742; x_wconf 91' lang='lat' dir='ltr'><strong>llla</strong></span> <span class='ocrx_word' id='word_1_151' title='bbox 414 3695 477 3765; x_wconf 87' lang='lat' dir='ltr'><strong>pro</strong></span> <span class='ocrx_word' id='word_1_152' title='bbox 495 3673 625 3753; x_wconf 88' lang='lat' dir='ltr'><strong>anima,</strong></span> <span class='ocrx_word' id='word_1_153' title='bbox 647 3681 682 3743; x_wconf 87' lang='lat' dir='ltr'><strong>et</strong></span> <span class='ocrx_word' id='word_1_154' title='bbox 700 3674 734 3742; x_wconf 94' lang='lat' dir='ltr'><strong>in</strong></span> <span class='ocrx_word' id='word_1_155' title='bbox 754 3674 872 3743; x_wconf 89' lang='lat' dir='ltr'><strong>anima</strong></span> <span class='ocrx_word' id='word_1_156' title='bbox 898 3700 904 3743; x_wconf 93' lang='lat'><strong>:</strong></span> <span class='ocrx_word' id='word_1_157' title='bbox 927 3675 1004 3745; x_wconf 88' lang='lat' dir='ltr'><strong>haec</strong></span> <span class='ocrx_word' id='word_1_158' title='bbox 1022 3697 1085 3766; x_wconf 92' lang='lat' dir='ltr'><strong>pro</strong></span> <span class='ocrx_word' id='word_1_159' title='bbox 1104 3697 1251 3768; x_wconf 87' lang='lat' dir='ltr'><strong>corpore</strong></span> <span class='ocrx_word' id='word_1_160' title='bbox 1270 3684 1305 3748; x_wconf 90' lang='lat' dir='ltr'><strong>et</strong></span> <span class='ocrx_word' id='word_1_161' title='bbox 1323 3677 1359 3746; x_wconf 94' lang='lat' dir='ltr'><strong>in</strong></span> 
     </span>
     <span class='ocr_line' id='line_1_21' title="bbox 284 3809 1360 3901; baseline 0.007 -25"><span class='ocrx_word' id='word_1_162' title='bbox 284 3830 325 3877; x_wconf 88' lang='lat' dir='ltr'><strong>eo</strong></span> <span class='ocrx_word' id='word_1_163' title='bbox 352 3818 498 3900; x_wconf 85' lang='lat' dir='ltr'><strong>pugnat.</strong></span> <span class='ocrx_word' id='word_1_164' title='bbox 523 3809 670 3880; x_wconf 88' lang='lat' dir='ltr'><strong>Rationi</strong></span> <span class='ocrx_word' id='word_1_165' title='bbox 696 3810 796 3901; x_wconf 88' lang='lat' dir='ltr'><strong>origo</strong></span> <span class='ocrx_word' id='word_1_166' title='bbox 824 3811 964 3892; x_wconf 73' lang='lat' dir='ltr'><strong>aerulo,</strong></span> <span class='ocrx_word' id='word_1_167' title='bbox 994 3811 1063 3881; x_wconf 89' lang='lat' dir='ltr'><strong>imo</strong></span> <span class='ocrx_word' id='word_1_168' title='bbox 1088 3811 1192 3882; x_wconf 76' lang='lat' dir='ltr'><strong>adeo</strong></span> <span class='ocrx_word' id='word_1_169' title='bbox 1219 3821 1274 3883; x_wconf 86' lang='lat' dir='ltr'><strong>ast</strong></span> <span class='ocrx_word' id='word_1_170' title='bbox 1295 3838 1301 3883; x_wconf 94' lang='lat'><strong>:</strong></span> <span class='ocrx_word' id='word_1_171' title='bbox 1324 3820 1360 3883; x_wconf 86' lang='lat' dir='ltr'><strong>et</strong></span> 
     </span>
     <span class='ocr_line' id='line_1_22' title="bbox 285 3943 1360 4034; baseline 0.005 -22"><span class='ocrx_word' id='word_1_172' title='bbox 285 3943 470 4034; x_wconf 87' lang='lat' dir='ltr'><strong>magnifice</strong></span> <span class='ocrx_word' id='word_1_173' title='bbox 490 3967 568 4013; x_wconf 89' lang='lat' dir='ltr'><strong>eam</strong></span> <span class='ocrx_word' id='word_1_174' title='bbox 594 3945 729 4016; x_wconf 87' lang='lat' dir='ltr'><strong>Seneca</strong></span> <span class='ocrx_word' id='word_1_175' title='bbox 752 3945 954 4029; x_wconf 87' lang='lat' dir='ltr'><strong>celebravit,</strong></span> <span class='ocrx_word' id='word_1_176' title='bbox 982 3953 1129 4017; x_wconf 84' lang='lat' dir='ltr'><strong>Partem</strong></span> <span class='ocrx_word' id='word_1_177' title='bbox 1151 3954 1189 4017; x_wconf 82' lang='lat' dir='ltr'><strong>io</strong></span> <span class='ocrx_word' id='word_1_178' title='bbox 1220 3952 1360 4018; x_wconf 76' lang='lat' dir='ltr'><strong>homine</strong></span> 
     </span>
     <span class='ocr_line' id='line_1_23' title="bbox 284 4083 1357 4167; baseline 0.007 -19"><span class='ocrx_word' id='word_1_179' title='bbox 284 4084 398 4148; x_wconf 82' lang='lat' dir='ltr'><strong>divini</strong></span> <span class='ocrx_word' id='word_1_180' title='bbox 410 4086 558 4167; x_wconf 76' lang='lat' dir='ltr'><strong>spiritua</strong></span> <span class='ocrx_word' id='word_1_181' title='bbox 575 4105 742 4152; x_wconf 80' lang='lat' dir='ltr'><strong>mersum.</strong></span> <span class='ocrx_word' id='word_1_182' title='bbox 760 4083 825 4153; x_wconf 85' lang='lat' dir='ltr'><strong>Est</strong></span> <span class='ocrx_word' id='word_1_183' title='bbox 842 4085 934 4155; x_wconf 90' lang='lat' dir='ltr'><strong>enim</strong></span> <span class='ocrx_word' id='word_1_184' title='bbox 952 4083 1030 4156; x_wconf 88' lang='lat' dir='ltr'><strong>haec</strong></span> <span class='ocrx_word' id='word_1_185' title='bbox 1043 4085 1170 4156; x_wconf 83' lang='lat' dir='ltr'><strong>eximia</strong></span> <span class='ocrx_word' id='word_1_186' title='bbox 1183 4085 1246 4155; x_wconf 91' lang='lat' dir='ltr'><strong>illa</strong></span> <span class='ocrx_word' id='word_1_187' title='bbox 1259 4085 1357 4156; x_wconf 88' lang='lat' dir='ltr'><strong>intel·</strong></span> 
     </span>
     <span class='ocr_line' id='line_1_24' title="bbox 286 4216 1359 4316; baseline 0.007 -30"><span class='ocrx_word' id='word_1_188' title='bbox 286 4216 416 4308; x_wconf 81' lang='lat' dir='ltr'><strong>ligendi</strong></span> <span class='ocrx_word' id='word_1_189' title='bbox 445 4217 694 4312; x_wconf 85' lang='lat' dir='ltr'><strong>judicandique</strong></span> <span class='ocrx_word' id='word_1_190' title='bbox 720 4220 774 4291; x_wconf 88' lang='lat' dir='ltr'><strong>vis</strong></span> <span class='ocrx_word' id='word_1_191' title='bbox 808 4247 814 4292; x_wconf 93' lang='lat'>:</span> <span class='ocrx_word' id='word_1_192' title='bbox 845 4245 943 4315; x_wconf 83' lang='lat' dir='ltr'><strong>quae,</strong></span> <span class='ocrx_word' id='word_1_193' title='bbox 974 4230 1013 4293; x_wconf 88' lang='lat' dir='ltr'><strong>ut</strong></span> <span class='ocrx_word' id='word_1_194' title='bbox 1043 4223 1160 4293; x_wconf 89' lang='lat' dir='ltr'><strong>anima</strong></span> <span class='ocrx_word' id='word_1_195' title='bbox 1192 4224 1359 4316; x_wconf 85' lang='lat' dir='ltr'><strong>perfectio</strong></span> 
     </span>
    </p>
   </div>
   <div class='ocr_carea' id='block_1_9' title="bbox 0 0 1654 5190">
    <p class='ocr_par' dir='ltr' id='par_1_9' title="bbox 0 0 1654 5190">
     <span class='ocr_line' id='line_1_25' title="bbox 0 0 1654 5190; baseline 0 0"><span class='ocrx_word' id='word_1_196' title='bbox 0 0 1654 5190; x_wconf 95' lang='lat' dir='ltr'><strong> </strong></span> 
     </span>
    </p>
   </div>
  </div>
 </body>
</html>
