3262 5190
728 503 766 514 ..
790 470 851 532 446
873 504 913 514 -

670 691 775 764 ΟΑΡ.
805 691 960 763 XXVII.

278 897 435 961 Sermonis
460 899 553 962 totius
584 896 741 961 Conclusio
766 905 793 960 et
823 899 864 960 od
883 898 1078 978 repetendam
1104 916 1172 961 cum
1197 900 1362 961 ruminan-

595 1020 727 1099 dumque
747 1020 844 1084 brocia
865 1019 1043 1082 admonitio.

326 1209 488 1302 Explicui
502 1209 622 1302 copias
635 1232 733 1281 meas
751 1231 874 1281 omnes
892 1216 927 1280 et
946 1231 1158 1291 sermonem,
1175 1210 1273 1304 Lipsi
1291 1236 1298 1281 :
1325 1217 1361 1281 et

276 1347 386 1418 habes
405 1370 483 1441 quae
498 1370 561 1441 pro
577 1347 785 1421 Constantia
798 1347 948 1420 dicenda
966 1347 1049 1420 mihi
1070 1349 1191 1420 censui
1204 1348 1240 1419 in
1254 1349 1361 1421 Dolo-

276 1511 362 1559 rem.
384 1485 472 1565 Quae
491 1487 625 1559 utinam
643 1510 713 1559 uon
731 1494 837 1580 grata
853 1486 917 1558 tibi
936 1487 1064 1570 solum,
1085 1488 1148 1559 sed
1167 1487 1326 1559 salubria
1348 1514 1355 1560 :

276 1648 339 1696 nec
365 1624 551 1707 delectent,
578 1625 642 1698 sed
663 1625 777 1718 magis
793 1625 935 1720 juvent!
962 1626 1146 1697 durabunt
1172 1633 1303 1708 autem,
1327 1627 1359 1697 si

276 1786 346 1834 non
364 1762 401 1834 in
415 1787 518 1836 aures
533 1763 659 1846 solum,
671 1763 733 1836 sed
746 1764 783 1834 in
798 1763 953 1834 animum
964 1764 1146 1837 demittas:
1160 1788 1224 1836 nec
1238 1764 1360 1837 audita

271 1901 392 1996 jacere
406 1909 441 1974 et
454 1901 655 1975 inarescere
669 1926 711 1975 ea
725 1903 872 1997 patiere,
882 1911 920 1974 ut
934 1903 1069 1975 semina
1082 1926 1209 1997 sparsa
1222 1927 1358 1975 summo

279 2040 370 2113 solo.
392 2041 551 2135 Denique
574 2041 604 2112 si
625 2047 763 2135 repetes
785 2040 878 2112 serio
898 2048 933 2127 et
953 2041 1191 2123 ruminabere,
1213 2041 1295 2134 quia
1320 2047 1359 2111 ut

276 2178 370 2271 ignis
388 2185 407 2250 e
425 2179 522 2251 silice
540 2203 610 2251 non
629 2203 699 2251 uno
717 2203 891 2252 concussu
911 2179 1067 2264 elicitur,
1093 2180 1144 2252 sic
1173 2179 1211 2252 in
1227 2179 1357 2272 frigido

276 2322 346 2392 isto
366 2329 520 2415 pectore,
545 2344 615 2392 uon
633 2320 746 2414 primo
764 2320 1041 2392 admonitionum
1065 2321 1138 2402 ictu
1154 2318 1358 2392 accenditur

278 2458 395 2529 latens
409 2464 444 2528 et
457 2458 630 2549 languens
644 2458 680 2527 in
694 2457 796 2528 nobis
810 2456 863 2527 vis
877 2457 939 2529 illa
951 2458 1104 2531 honesti.
1119 2458 1208 2536 Quae
1222 2464 1262 2530 ut
1273 2480 1357 2528 vere

277 2595 466 2690 aliquando
484 2595 520 2665 in
538 2602 573 2666 te
591 2596 726 2677 ardeat,
740 2617 805 2666 nec
820 2595 938 2667 verbis
952 2602 1013 2667 aut
1026 2595 1154 2689 specie,
1172 2594 1234 2666 sed
1256 2617 1295 2665 re
1321 2602 1357 2665 et

275 2735 391 2818 factis,
413 2736 560 2830 supplex
580 2759 701 2830 quaeso
719 2758 937 2830 venerorque
956 2743 1128 2807 aeternum
1147 2741 1183 2807 et
1200 2733 1356 2806 divinum

272 2874 372 2946 illum
389 2874 520 2968 ignem.

326 3179 412 3249 Cum
431 3177 591 3259 dixisset,
609 3176 763 3248 surrexit
775 3198 938 3270 propere,
955 3182 1003 3257 et,
1021 3177 1087 3258 Eo,
1101 3175 1351 3271 Lipsi‚inquit:

276 3318 337 3390 Sol
351 3318 409 3389 hio
426 3317 591 3389 meridies
609 3317 748 3412 prandii
763 3317 848 3389 mihi
866 3316 984 3391 index.
1004 3323 1044 3389 tu
1062 3341 1220 3412 sequere.

324 3461 402 3553 Ego
417 3460 537 3531 alacer
547 3482 589 3531 ao
602 3458 730 3542 libens,
746 3457 890 3553 inquam
911 3483 918 3530 :
942 3458 1103 3553 quodque
1121 3458 1157 3529 in
1175 3457 1354 3554 mysteriis

276 3598 382 3685 solet;
393 3598 475 3692 jure
494 3622 586 3671 inuno
599 3598 804 3681 acclamem,

595 3763 689 3842 ἔφυγον
708 3767 801 3829 κακὸν,
824 3763 898 3844 εὗρον
916 3761 1031 3839 ἄμεινον.
