3262 5190
718 503 901 586 ..376-

271 689 320 758 sis
342 713 348 757 :
373 709 436 756 nec
453 683 607 776 judicem
637 690 735 752 tuum
762 679 916 750 inaniter
946 701 1088 760 accusa,
1128 678 1203 772 ipse
1231 679 1276 750 ab
1307 702 1353 750 eo

268 824 491 919 judicandus.

695 1056 798 1127 CAP.
828 1057 928 1127 XVI.

272 1263 433 1342 Responsio
457 1260 498 1322 ad
522 1262 653 1322 alteram
679 1261 885 1340 objectionem,
913 1260 948 1320 dc
977 1257 1167 1332 immeritis,
1197 1261 1353 1318 ostensam

316 1399 415 1444 omnes
431 1381 576 1443 meruisse
589 1383 721 1461 panant,
738 1381 812 1461 quia
832 1397 932 1442 omnies
952 1381 986 1440 in
1006 1378 1107 1458 culpa.
1129 1382 1158 1439 ct
1180 1378 1234 1457 qui
1254 1379 1356 1458 napis

314 1511 367 1566 aut
387 1504 500 1578 minus,
518 1520 595 1584 repre
612 1503 672 1563 imo
691 1504 778 1564 nullo
799 1502 884 1563 modo
903 1500 939 1562 ab
964 1500 1084 1561 tomice
1101 1516 1184 1579 posse
1207 1499 1353 1561 discerni.

313 1626 412 1688 Deum
425 1625 523 1686 solum
538 1641 607 1698 esse,
623 1623 677 1703 qui
697 1640 793 1684 noces
811 1622 892 1684 clarc
913 1621 1026 1696 videat,
1041 1620 1164 1699 idemne
1179 1621 1355 1701 justissime

314 1748 437 1823 puniat.

324 1950 394 2021 Sed
412 1949 504 2020 enim
522 1949 686 2020 immeriti
705 1958 740 2020 et
758 1948 890 2019 innoxii
910 1947 1043 2039 aliquot
1062 1946 1181 2039 pupuli
1202 1945 1353 2039 puniun-

274 2096 344 2169 tur,
357 2086 490 2180 inquis,
508 2088 601 2157 Nam
620 2086 696 2157 haec
710 2085 865 2156 secund-u
880 2093 943 2155 tua
956 2083 1115 2176 querela,
1134 2085 1209 2155 sive
1223 2084 1354 2154 calum-

275 2227 370 2296 niam
384 2224 499 2318 potius
514 2224 641 2296 dicam.

298 2409 470 2490 'Incaute
493 2418 711 2498 adolescens,
743 2418 793 2488 sic
818 2418 994 2511 loquerisi
1022 2417 1266 2489 Puniunturne
1288 2416 1356 2486 im·

276 2557 414 2628 meriti‘i
446 2557 516 2627 Ubi
548 2578 633 2648 ergo
664 2556 834 2649 gentium,
861 2565 985 2649 gentes
1010 2556 1073 2627 tibi
1101 2564 1251 2649 repertae
1277 2557 1358 2628 siue

276 2696 389 2766 nonai
421 2695 582 2777 Fiducia,
614 2695 684 2765 imo
710 2695 891 2766 temeritas
915 2695 974 2777 sit,
1004 2695 1040 2765 iu
1068 2694 1206 2788 singulo
1236 2694 1358 2789 aliquo

275 2834 415 2906 homine
434 2834 470 2904 id
488 2856 619 2927 ponere
642 2859 648 2904 :
667 2841 705 2904 tu
726 2833 814 2904 nihil
840 2833 992 2926 ambigis
1010 2835 1158 2928 populos
1176 2842 1211 2905 et
1229 2843 1359 2927 gentes

276 2979 433 3043 statuere
459 2971 716 3065 impeccantesi
741 2971 954 3044 Vanissime.
986 2973 1178 3043 Peccamus
1203 2972 1360 3045 enimet

275 3110 495 3202 peccavimus
513 3132 647 3190 omnes
665 3109 737 3180 scio
755 3134 761 3179 :
781 3111 854 3180 nati
869 3110 905 3179 in
920 3110 1013 3193 labe,
1030 3111 1179 3182 vivimus
1193 3111 1229 3180 in
1244 3110 1326 3183 labe
1345 3139 1354 3183 ε

276 3254 312 3317 et
329 3247 409 3316 coeli
421 3247 497 3338 jam
516 3247 803 3329 armamentaria,
826 3259 864 3319 ut
882 3272 960 3319 cum
980 3250 1143 3344 Satyrico
1161 3249 1222 3320 illo
1237 3249 1354 3343 jocer‚

277 3385 353 3456 sine
379 3384 448 3456 telo
473 3385 555 3467 sint,
582 3385 611 3455 si
637 3384 784 3455 fulmina
808 3409 946 3479 semper
964 3388 1073 3459 missa
1098 3389 1134 3458 in
1162 3396 1354 3462 merentes,

276 3526 358 3598 Non
382 3524 476 3595 enim
497 3532 536 3595 ut
559 3525 672 3617 pisces
699 3525 735 3595 in
759 3525 835 3595 salo
857 3527 931 3596 nati
955 3527 1084 3608 malti,
1107 3526 1215 3597 salem
1235 3534 1357 3598 tamen

276 3687 345 3734 non
370 3663 557 3734 referunt:
588 3663 638 3733 sic
662 3663 874 3733 censendum
895 3662 1055 3733 homines
1080 3664 1116 3733 in
1142 3663 1209 3734 hac
1233 3665 1358 3736 mundi

276 3802 375 3883 faece,
397 3825 474 3872 esse
500 3801 595 3894 ipsos
622 3801 697 3872 siue
723 3801 829 3872 faece?
852 3800 958 3894 Atqui
984 3802 1013 3872 si
1039 3825 1160 3873 omnes
1185 3801 1221 3872 in
1244 3826 1354 3886 noxa,

276 3940 335 4010 ubi
357 3939 475 4032 populi
493 3939 551 4010 isti
571 3940 734 4011 immeriti
742 3942 755 4012 'i
776 3940 896 4034 Culpae
917 3942 1008 4012 euim
1027 3965 1143 4039 comes
1156 3942 1357 4036 justissime

275 4101 381 4172 poeua
400 4101 538 4170 semper
556 4087 622 4150 est.
