3262 5190
724 510 908 575 —aut-

275 693 414 774 sedita,
432 699 469 763 ut
484 699 603 785 partes
614 691 743 787 aliquae
758 699 890 763 nostrae
904 693 975 763 siut
990 692 1129 763 volendi
1145 702 1357 788 semperaut

275 830 431 902 uolendi.
465 853 529 900 nec
559 830 665 901 ultra.
697 852 767 900 non
793 831 886 902 enim
912 829 1083 902 efficiendi
1110 855 1117 900 :
1149 830 1232 924 quia
1258 831 1357 903 arbi-

275 969 381 1041 trium
405 969 529 1040 saltem
557 969 717 1039 relictum
734 967 879 1050 homini,
910 991 979 1062 quo
1006 969 1173 1040 reluctari
1188 977 1224 1041 et
1240 971 1356 1042 obniti

275 1109 340 1179 deo
353 1108 464 1179 libeat
484 1135 491 1178 :
514 1132 584 1178 non
602 1108 656 1179 vis
675 1108 794 1188 etiam,
811 1130 880 1201 qua
897 1107 1023 1200 possit.
1048 1109 1097 1180 Ut
1121 1109 1259 1181 lunari
1279 1134 1355 1182 am-

275 1245 397 1316 bulare
412 1245 495 1316 mihi
512 1246 581 1328 faa,
606 1252 641 1319 et
667 1269 730 1338 per
754 1245 850 1315 soros
873 1245 1071 1317 discurrere
1089 1253 1152 1319 aut
1177 1254 1351 1332 transtra,

274 1385 336 1456 sed
355 1384 442 1455 nihil
461 1384 616 1455 minutus
634 1384 690 1454 hic
704 1391 820 1454 motus
839 1383 933 1455 valet
946 1391 984 1456 ut
996 1384 1167 1478 impediat
1182 1386 1257 1480 ejus
1272 1409 1355 1458 cur-

273 1555 351 1602 sum
380 1557 387 1602 t
410 1531 509 1602 sicin
527 1530 627 1601 fatali
646 1530 713 1600 hac
730 1530 825 1612 navi,
847 1552 916 1624 qua
937 1553 1059 1602 omncs
1076 1531 1250 1616 vehimur,
1272 1556 1354 1604 our-

272 1680 353 1742 rant
374 1671 457 1742 licet
483 1671 683 1741 voluntates
702 1678 835 1741 uostrae
861 1679 896 1741 et
913 1677 1176 1754 transcurrant,
1203 1696 1273 1743 nou
1291 1673 1354 1744 via

272 1832 350 1879 eam
366 1808 505 1902 ejicient
522 1816 584 1879 aut
602 1808 741 1880 sistent.
763 1808 990 1901 Temperabit
1008 1816 1044 1880 et
1061 1809 1220 1882 habenas
1235 1812 1355 1884 moda·

272 1945 409 2017 rabitur
427 1968 565 2038 semper
592 1969 756 2039 suprema
782 1945 844 2016 illa
869 1946 1034 2018 voluntas
1057 1973 1063 2018 :
1086 1956 1121 2019 et
1146 1972 1215 2042 quo
1235 1948 1352 2020 visum

271 2087 338 2157 erit
355 2109 514 2180 cumque,
544 2109 685 2156 currum
704 2085 795 2157 huno
813 2087 942 2178 diriget
959 2087 1029 2157 leni
1045 2088 1198 2182 quodam
1221 2088 1349 2161 fraeno.

691 2894 795 2966 CAP.
825 2894 932 2965 ΧΧΙζ

277 3159 432 3223 Conclusio
458 3159 654 3222 tractationis
676 3158 712 3219 de
734 3159 824 3219 Fato.
848 3160 1010 3234 Maritum,
1035 3161 1167 3241 periculi
1183 3162 1307 3241 plenam
1323 3168 1352 3224 et

314 3282 477 3361 ancipitem
489 3299 554 3343 cam
570 3297 641 3356 eoae,
656 3282 845 3343 aoccariose
856 3281 1078 3362 indagandam.
1097 3283 1226 3363 denique
1239 3283 1351 3346 wior-

317 3405 392 3466 tatio
401 3405 483 3466 seria
496 3409 532 3466 at
545 3405 626 3466 cirea
640 3405 741 3466 animo
755 3406 1012 3485 imprimaatard
1027 3405 1223 3469 Necessitate.

325 3686 394 3756 Sed
409 3684 491 3778 quid
510 3706 576 3777 ego
591 3684 684 3755 istal
698 3693 796 3754 verto
811 3706 966 3776 proram,
989 3692 1024 3754 et
1044 3706 1205 3755 removeo
1230 3708 1285 3756 ma
1303 3685 1349 3756 ab
1377 3664 1390 3679 ⁸

272 3822 338 3894 hac
352 3822 544 3917 Charybdi,
566 3845 646 3916 quae
664 3821 854 3893 multorum
876 3821 1020 3914 ingenia
1038 3821 1229 3914 absorpsit.
1253 3821 1349 3894 Cice·
1406 3839 1414 3852 ·

273 3961 370 4033 ranis
388 3961 444 4032 hic
459 3961 684 4053 naufragium
703 3961 822 4042 videa,
850 3961 908 4055 qui
932 3959 1199 4032 Providentiam
1223 3960 1347 4033 maluit

271 4101 410 4181 tollere,
438 4123 544 4193 quam
570 4100 727 4170 delibare
758 4098 890 4192 aliquid
918 4099 961 4169 de
987 4100 1143 4170 humana
1165 4099 1344 4181 libertate.

270 4246 325 4308 Ita
350 4243 434 4309 darn
458 4242 616 4308 homines
637 4242 765 4308 liberos
787 4242 883 4324 serit,
909 4237 971 4330 (ait
995 4236 1179 4329 eleganter
1196 4239 1346 4310 antistes
1443 4340 1449 4351 „
