3262 5190
740 441 860 533 -.qu
883 503 921 516 ..

289 674 367 723 uas
406 650 471 722 Illa
506 651 583 744 ipsa
616 674 733 722 rerum
767 651 994 744 gentiumque
1030 649 1173 721 domina
1208 657 1244 720 et
1274 650 1364 721 salso

289 791 442 861 AEterna
463 789 564 872 urbS,
595 789 653 860 ubi
675 791 751 862 estl
772 780 914 869 obruta,⁸
933 788 1064 870 diruta,
1086 787 1243 869 incensa,
1265 788 1367 858 inun-

290 930 395 1014 data;
416 929 521 1024 periit
543 951 612 1001 non
632 952 701 999 uno
722 928 807 1012 leto,
825 937 860 1000 et
878 927 1063 999 ambitiose
1077 927 1181 999 hodie
1196 929 1368 1021 quaeritur

289 1048 353 1140 nec
370 1068 546 1139 invenitur
564 1067 600 1138 in
618 1091 681 1139 suo
701 1067 788 1139 solo.
810 1067 1019 1162 Byzantium
1034 1066 1121 1137 illud
1139 1066 1256 1148 vides,
1273 1066 1366 1160 quod

288 1207 355 1280 sibi
382 1207 497 1301 placet
520 1207 668 1302 duplicis
694 1207 831 1301 imperii
858 1206 961 1278 sedet
981 1206 1150 1277 Venetiae
1168 1206 1266 1287 istas
1286 1215 1369 1300 quae‘

287 1345 494 1439 superbiunt
520 1345 616 1417 mille
639 1369 812 1418 annorum
837 1329 1030 1418 firmitatet'
1057 1345 1173 1416 veniet
1199 1345 1269 1416 illis
1300 1367 1365 1416 sua

287 1491 361 1562 dios
384 1517 390 1562 :
409 1499 443 1562 et
460 1499 499 1563 tu
516 1499 639 1563 nostra
657 1491 864 1586 Antuerpia,
880 1492 990 1564 ocelle
1004 1493 1155 1575 urbium,
1174 1491 1363 1586 aliquando

285 1654 356 1701 non
375 1631 458 1703 eris.
476 1631 593 1702 Diruit
605 1631 768 1703 videlicet
788 1632 1040 1727 construitque‚
1060 1640 1094 1703 et
1111 1632 1153 1725 (si
1167 1632 1221 1704 fas
1236 1631 1362 1726 dicere)

284 1771 374 1841 ludit
388 1771 423 1840 in
438 1771 542 1842 rebus
552 1770 716 1843 humanis
731 1794 881 1865 magnus
894 1772 954 1843 ille
968 1772 1180 1843 architectus
1198 1779 1253 1844 :et
1267 1774 1362 1844 velut

284 1909 430 2002 plastes,
444 1909 562 1982 varias
573 1909 782 1983 sibiformas
795 1920 831 1984 et
845 1910 1019 2005 imagines
1032 1911 1135 2003 fingit
1154 1934 1195 1982 ac
1214 1910 1361 2003 delingit

283 2071 326 2119 ex
345 2048 413 2119 hac
430 2049 571 2143 argilla.

332 2227 471 2322 Oppida
488 2228 603 2300 adhuc
628 2229 753 2323 loquor
775 2235 811 2299 et
830 2228 934 2300 urbes
960 2229 1048 2300 :sed
1067 2250 1179 2322 regna
1199 2227 1305 2298 etiam
1325 2233 1360 2296 et

280 2367 472 2462 provinciae
491 2368 680 2439 trahuntur
707 2368 742 2439 in
767 2367 858 2440 hanc
878 2367 1006 2441 labem.
1029 2369 1121 2439 Olim
1148 2367 1275 2439 Oriens
1297 2366 1359 2436 flo-

221 2491 229 2559 Ϊ
281 2506 369 2591 ruit;
386 2514 419 2577 et
433 2506 595 2601 Assyria·
617 2509 809 2604 AEgyptus‚
832 2509 955 2579 Iudaea
973 2507 1113 2579 valuere
1132 2507 1241 2578 armis
1260 2506 1359 2597 inge·

280 2645 416 2738 niisque
435 2668 442 2713 :
464 2668 543 2717 sors
561 2669 604 2716 ea
622 2646 657 2716 in
672 2647 851 2740 Europam
865 2646 1020 2728 transiit,
1037 2668 1116 2738 quae
1131 2652 1249 2715 tamen
1263 2643 1353 2736 ipsa,

279 2791 317 2855 ut
335 2807 485 2878 corpora
502 2784 657 2856 instante
676 2785 812 2868 morbo,
837 2785 971 2858 vibrari
989 2784 1075 2855 mihi
1092 2751 1184 2855 nunc
1201 2783 1352 2863 videtur,

277 2932 313 2994 et
330 2925 598 3017 praesentiscere
625 2948 791 3019 magnum
812 2949 914 2997 suum
933 2948 1066 2997 casum.
1085 2923 1187 3003 Quod
1203 2920 1354 3015 amplius

277 3069 312 3132 et
338 3085 526 3156 numquam
553 3063 641 3134 satis
667 3064 846 3146 miremur,
872 3063 929 3134 hic
955 3068 977 3134 a
1002 3063 1155 3158 quinque
1181 3084 1353 3133 annorum

277 3198 431 3269 millibus
449 3207 484 3270 et
503 3199 704 3293 quingentis
722 3200 903 3272 habitatus
927 3202 1022 3273 orbis
1043 3200 1195 3274 senescit
1225 3226 1231 3271 :
1254 3207 1289 3271 et
1316 3206 1354 3270 ut

276 3334 477 3408 Anaxarchi
502 3337 657 3431 explosae
679 3338 762 3409 olim
788 3339 918 3411 fabulae
936 3340 1062 3448 iterum
1080 3339 1348 3434 applaudamus,
1419 3364 1422 3370 ·

275 3487 424 3570 surgunt
448 3477 532 3550 alibi
559 3488 851 3573 succrescuntque
878 3480 958 3551 novi
989 3481 1147 3551 homiues
1178 3488 1211 3551 et
1240 3503 1351 3550 novus

275 3616 393 3690 Orbis

320 4069 349 4140 O
370 4069 459 4139 mira
481 4077 517 4139 et
540 4093 728 4164 numquam
748 4073 1001 4167 comprehensa
1019 4074 1252 4146 Necessitatis
1271 4073 1343 4144 lex!

270 4206 402 4278 abeunt
425 4207 542 4277 omnia
568 4208 602 4278 in
629 4208 722 4280 hunc
748 4211 913 4281 nascendi
939 4213 1174 4307 pereundique
1200 4212 1342 4284 fatalem
