3262 5190
764 435 947 498 -346-

242 652 252 663 ·
319 619 391 688 niet
408 644 414 687 :
433 641 533 710 quem
550 617 641 689 Iberi
657 616 804 687 salutari
819 615 969 708 quadam
989 614 1127 684 saevitia
1141 614 1390 693 exhauserunt,

319 762 354 825 et
371 756 476 826 iidem
496 778 576 826 mox
591 754 775 848 replebunt
788 761 822 824 et
840 753 968 823 colent.

370 1234 485 1326 Atque
499 1241 537 1304 ut
550 1234 574 1304 ii
589 1233 646 1326 qui
662 1256 791 1326 magna
803 1233 982 1327 plantaria
995 1233 1139 1315 habent,
1151 1232 1296 1303 arbores
1306 1231 1396 1303 alias

319 1371 552 1453 transferunt,
586 1370 675 1441 alias
712 1372 884 1452 inserunt,
915 1370 1004 1441 alias
1040 1345 1204 1440 excidunt
1241 1396 1248 1440 :
1287 1393 1396 1463 eaque

322 1510 440 1580 omnia
464 1511 576 1603 perite
602 1510 863 1590 administrant.
885 1519 919 1580 et
946 1511 980 1579 in
999 1510 1129 1580 bonum
1148 1532 1190 1579 ac
1213 1509 1392 1580 fructum:
1446 1588 1459 1608 θ

322 1651 373 1720 sic
391 1649 428 1718 in
445 1657 546 1720 vasto
568 1650 635 1720 hoc
652 1650 773 1720 mundi
791 1672 879 1742 agro
899 1650 998 1739 deus,
1023 1649 1286 1720 Scientissimus
1305 1650 1397 1720 enim

322 1787 381 1858 ille
405 1787 519 1858 cultor
537 1795 591 1858 est
624 1813 631 1857 :
662 1797 696 1859 et
714 1788 800 1858 alibi
829 1811 998 1859 onerosos
1026 1788 1160 1882 aliquot
1186 1789 1397 1859 familiarum

323 1925 478 1995 ramulos
503 1924 691 2017 defringit;
721 1926 806 1997 alibi
823 1927 1002 1997 hominum
1028 1927 1162 2020 aliquot
1184 1927 1269 1997 folia
1282 1925 1398 1998 decer-

322 2065 373 2158 pit
387 2088 428 2134 ac
446 2064 647 2156 destringit.
667 2066 776 2136 Juvat
793 2065 861 2136 hoc
878 2065 1024 2158 stirpem
1045 2091 1052 2136 :
1075 2072 1112 2135 at
1133 2065 1183 2135 illi
1200 2065 1342 2145 cadunt,
1364 2073 1399 2135 et

322 2203 400 2273 haec
417 2202 539 2274 volant
556 2204 746 2274 ludibrium
765 2204 892 2275 ventis.
914 2204 1021 2274 Videt
1038 2204 1130 2273 idem
1144 2211 1283 2295 gentem
1301 2201 1399 2272 illam

322 2343 546 2424 retorridam,
574 2351 608 2414 et
634 2345 799 2414 virtutem
824 2344 899 2435 jam
924 2344 1076 2413 effaetam
1111 2367 1117 2411 :
1149 2341 1254 2434 ejicit.
1282 2340 1399 2411 Aliam

323 2503 486 2573 asperam
504 2490 539 2551 et
554 2448 797 2573 infrugiferam
822 2507 829 2552 :
863 2483 1043 2552 transfert.
1065 2488 1100 2551 et
1121 2480 1290 2572 quasdam
1308 2479 1400 2549 inter

324 2643 362 2689 se
380 2619 486 2689 etiam
500 2620 693 2702 confundit,
713 2629 748 2692 et
774 2620 871 2690 velut
893 2619 1058 2690 insitione
1085 2619 1236 2712 quadam
1262 2619 1395 2689 miscet.
1511 2676 1514 2695 ..

324 2761 411 2840 Vos,
429 2759 570 2831 labente
589 2761 748 2854 imperio,
765 2782 910 2831 enerves
924 2765 958 2828 et
976 2757 1076 2828 fracti
1097 2757 1190 2839 Itali,
1211 2757 1293 2850 quid
1311 2756 1399 2849 opti-

324 2919 417 2967 mam
439 2903 615 2967 terrarum
641 2897 842 2990 occupatis?
867 2896 991 2967 cedite.
1017 2898 1056 2966 et
1072 2895 1150 2965 duri
1174 2894 1224 2965 illi
1248 2893 1400 2964 robusti·

324 3059 389 3129 que
416 3036 643 3127 Langobardi
665 3036 802 3105 felicius
833 3042 1021 3105 exerceant
1045 3035 1135 3104 hanc
1153 3033 1305 3125 glebam.
1327 3034 1400 3102 Vos

325 3174 406 3245 mali
423 3182 457 3244 et
475 3174 597 3244 molles
612 3175 728 3244 Graeci
750 3175 862 3266 perite
890 3201 896 3243 :
920 3181 954 3244 et
968 3174 1067 3243 crudi
1085 3173 1134 3242 illi
1155 3172 1296 3266 Scythae
1314 3194 1400 3264 pan·

227 3360 229 3365 ι
325 3321 455 3404 gantur
473 3320 509 3382 et
528 3312 735 3383 mollescant
761 3313 796 3382 in
817 3312 883 3382 hoc
910 3312 999 3383 solo.
1022 3312 1173 3405 itemque
1199 3311 1401 3382 confusione

326 3451 477 3544 quadam
500 3450 670 3543 gentium,
702 3474 765 3520 vos
791 3451 919 3519 Franci
945 3450 1109 3532 Galliam,
1137 3451 1295 3521 Saxones
1322 3450 1400 3521 Bri·

326 3591 495 3673 tanmem,
514 3591 709 3661 Normanni
730 3589 910 3680 Belgicam
925 3596 959 3659 et
973 3589 1121 3659 finitima
1139 3597 1318 3683 occupate.

375 4034 462 4109 Quae
490 4033 607 4102 omnia
636 4041 671 4102 et
700 4033 815 4124 plura,
852 4033 960 4125 Lipsi,
990 4039 1153 4126 prompta
1179 4055 1247 4101 non
1275 4031 1403 4123 ignavo

326 4171 447 4241 lectori
463 4195 505 4241 ex
525 4170 684 4252 historia,
703 4179 737 4241 et
756 4171 889 4240 eventis
909 4193 1038 4240 rerum.
1052 4169 1266 4240 Attollamur
1280 4169 1400 4260 igitur,
