3262 5190
720 463 902 525 -436-

274 655 393 719 menta
414 674 420 719 :
443 670 567 719 vereor
584 655 622 718 ut
641 647 696 718 vel
714 645 997 741 impotentissimi
1020 647 1176 741 plerique
1203 647 1364 718 istorum

275 789 357 869 sint,
376 787 433 881 qui
450 793 630 858 nunciam
647 786 757 881 iniqui
771 787 808 856 in
825 794 1000 880 potentes.
1011 788 1219 882 Exemplum
1233 788 1271 859 in
1285 798 1365 861 cot-

274 928 410 999 tidiana
427 929 498 999 ista
514 928 600 1000 vita.
618 928 708 998 Vide
726 927 810 997 mihi
827 936 965 1021 patrem
978 928 1077 998 illum
1095 929 1301 1000 saevientem
1318 930 1362 1000 in

274 1067 379 1149 filios,
401 1067 579 1137 dominum
597 1068 634 1136 in
657 1090 791 1149 servos
810 1074 1065 1162 praeeeptorem
1083 1068 1120 1137 in
1146 1069 1357 1163 discipulos

275 1206 485 1277 Phalarides
511 1206 547 1276 in
570 1228 633 1277 suo
659 1229 788 1299 genere
807 1229 928 1276 omnes
947 1206 1005 1277 isti
1024 1215 1106 1277 sunt
1132 1233 1139 1277 :
1168 1214 1203 1278 et
1226 1207 1361 1279 fluctus

274 1345 415 1416 eosdem
433 1345 469 1416 in
483 1345 626 1416 flumine
640 1345 807 1428 excitant,
824 1368 911 1439 quos
928 1368 1032 1438 reges
1047 1345 1083 1415 in
1101 1368 1229 1439 magno
1247 1348 1356 1417 mari.

323 1484 398 1554 Nec
432 1483 669 1553 animantibus
696 1482 776 1553 aliis
807 1506 877 1553 non
907 1483 985 1554 haeo
1010 1491 1152 1565 natura,
1183 1486 1360 1578 equibus

273 1621 440 1714 pleraque
465 1621 617 1692 saeviunt
642 1622 679 1691 in
697 1644 916 1714 congeneras
934 1622 1001 1692 sibi
1018 1622 1165 1715 species,
1195 1623 1230 1692 in
1255 1629 1355 1706 aere,

273 1767 382 1841 terra,
405 1783 510 1852 aqua.

515 1940 575 1956 .....
596 1900 696 1975 pisces
709 1900 752 1956 sic
767 1916 848 1974 soepe
865 1899 1002 1956 inidoneos

433 2021 569 2098 didymus
585 2029 708 2094 comest,
724 2023 767 2080 sie
780 2040 852 2080 oves
868 2027 975 2079 enecat
990 2023 1147 2098 accipiter,

274 2178 324 2247 ait
341 2184 435 2247 reete
453 2178 581 2248 Varro

323 2389 393 2459 Sed
411 2411 597 2482 corporum
621 2389 701 2459 istae
721 2389 970 2481 oppressiones
989 2395 1083 2472 sunt,
1104 2388 1240 2483 inquies
1262 2414 1269 2459 :
1291 2388 1354 2459 ho-

274 2528 331 2598 die
348 2528 414 2598 hoo
433 2527 612 2610 eximium,
630 2529 844 2623 quodetiam
863 2529 1074 2600 animorum.
1093 2531 1205 2611 Itane,
1223 2529 1356 2599 animo·

275 2676 373 2746 rum?
389 2674 468 2745 vide
482 2699 526 2745 ne
540 2675 712 2747 invidiose
727 2677 793 2747 hoe
807 2678 936 2770 potius
954 2700 1058 2771 quam
1072 2700 1167 2747 vere.
1185 2678 1355 2769 Ignorare

274 2813 359 2884 mihi
377 2838 455 2885 sese
474 2823 509 2885 et
527 2823 690 2886 naturam
709 2816 805 2886 illam
825 2816 1003 2886 coelestem
1022 2815 1173 2895 videtur,
1197 2814 1355 2909 quisquis

274 2954 385 3046 premi
412 2978 490 3025 eom
515 2963 614 3047 putat
639 2978 743 3048 posse
767 2964 829 3026 eut
851 2956 943 3048 cogi.
966 2955 1075 3026 Nulla
1097 2956 1189 3026 enim
1208 2963 1356 3025 externa

273 3094 327 3162 vis
345 3117 499 3186 unquam
518 3093 636 3175 faciet,
654 3103 691 3164 ut
704 3095 792 3165 velis
804 3095 896 3187 quod
907 3094 1012 3176 nolis,
1031 3094 1165 3165 sentias
1179 3093 1271 3186 quod
1284 3115 1355 3164 non

275 3232 397 3301 sentis.
426 3232 447 3300 J
453 3255 492 3300 us
520 3231 647 3323 aliquis
678 3231 714 3300 in
739 3231 890 3301 vinclum
915 3231 982 3302 hoe
1006 3232 1113 3303 animi
1144 3232 1251 3303 habet
1281 3230 1356 3301 sive

274 3394 402 3441 nexum
424 3395 431 3440 :
454 3392 556 3439 nemo
575 3370 610 3439 in
629 3370 758 3463 ipsum.
776 3371 922 3442 Solvere
936 3395 1015 3441 eum
1032 3375 1214 3464 deorpore
1231 3378 1354 3464 tyran·

274 3533 341 3579 nus
361 3516 488 3602 potest,
514 3532 584 3580 non
608 3518 772 3580 naturam
798 3509 872 3602 ejus
899 3508 1093 3579 dissolvere
1118 3534 1125 3579 :
1148 3531 1227 3603 quae
1249 3530 1352 3601 pura.

275 3655 423 3729 retorna,
444 3647 562 3738 ignea,
585 3647 720 3739 spernit
743 3655 927 3717 externum
946 3655 981 3718 et
1005 3648 1197 3718 violentum
1217 3670 1355 3718 omnem

275 3794 420 3857 tactum.
441 3786 489 3857 At
513 3810 656 3857 sensum
674 3794 792 3857 tamen
815 3786 922 3856 animi
941 3810 1011 3857 non
1033 3787 1115 3858 licet
1133 3810 1352 3881 expromere.

276 3925 376 3996 Esto.
415 3926 476 3995 sed
506 3926 639 4018 linguee
670 3936 742 3997 tuoe
773 3927 883 4019 igitur
912 3927 1026 3997 fraena
1055 3935 1246 4020 ponuntur,
1285 3951 1354 3999 non

275 4068 391 4138 animo
414 4092 421 4136 ε
443 4090 506 4137 nec
518 4067 674 4160 judiciis,
701 4069 761 4138 sed
777 4068 893 4139 fectis.
920 4069 989 4140 Sed
1008 4092 1136 4139 novum
1155 4068 1221 4139 hoc
1240 4069 1355 4161 ipsum

275 4206 483 4278 inauditum.
513 4208 542 4278 O
576 4209 678 4291 bone,
713 4233 816 4303 quam
848 4210 967 4281 erres!
1004 4211 1097 4288 Quot
1128 4211 1192 4282 tibi
1222 4212 1357 4305 possim
