3262 5190
719 484 903 546 -292-

272 666 386 760 posito
407 664 580 736 lenocinio
601 664 662 733 illo
694 656 872 743 novitatis,
905 663 976 732 scio
1001 661 1131 731 herbas
1161 683 1252 740 osse,
1277 658 1349 729 scio

272 804 378 873 flores
397 802 455 873 :id
475 810 541 883 est,
567 801 689 871 brevia
719 801 881 894 quaedam
906 808 941 871 et
969 800 1122 891 fugacia,
1159 798 1350 892 dequibus

273 937 454 1033 aptissime
471 947 576 1033 poeta
593 938 756 1032 princeps
777 965 784 1009 :

467 1102 580 1180 Ζεφυρίη
595 1103 717 1158 πνείουσα
732 1106 765 1157 τὰ
782 1105 828 1177 μὲν
845 1123 913 1180 ouer,
931 1100 999 1158 ἄλλα
1014 1099 1042 1157 δὲ
1055 1102 1155 1159 πέσσει.

269 1283 485 1374 'ltaque‘non
504 1301 632 1373 sperno
650 1303 711 1351 eas
735 1280 808 1351 sive
826 1280 971 1350 delicias
995 1281 1068 1350 sire
1087 1278 1283 1371 elegantias
1302 1281 1350 1367 let

274 1419 472 1511 exemplum
485 1418 584 1489 vides
601 1419 631 1513 ;)
643 1419 704 1489 sed
731 1419 837 1489 hoca
863 1418 1030 1489 mollibus
1049 1414 1253 1488 Hortensiis
1271 1417 1350 1487 istis

274 1562 384 1635 muto,
402 1555 588 1649 quodsine
610 1577 697 1625 cura
714 1556 792 1626 haec
812 1555 899 1627 talia
917 1555 1122 1649 conquiram
1140 1572 1147 1625 t
1175 1554 1251 1625 sine
1265 1576 1351 1624 cura

273 1696 448 1767 habeam:
467 1695 544 1766 sine
566 1717 652 1764 cura
675 1694 849 1766 amittam.
876 1690 952 1766 Nec
976 1694 1068 1764 idam
1097 1694 1157 1763 ille
1184 1715 1250 1785 ego
1277 1700 1349 1763 tam

274 1830 464 1916 marcidus,
485 1835 554 1903 imo
572 1841 646 1904 tam
664 1842 822 1905 mortuus
841 1841 880 1906 ut
893 1835 1081 1904 recondam
1095 1833 1234 1904 etvelut
1251 1852 1349 1923 sepe-

274 1975 357 2045 liam
375 1974 485 2044 mein
510 1974 566 2044 his
592 1974 774 2044 hortorum
806 1974 953 2045 umbris.
975 1972 1167 2065 Negotium
1185 1971 1292 2042 etiam
1314 1970 1350 2039 in

274 2112 414 2182 illootio
429 2111 584 2204 reperid;
601 2118 636 2182 et
646 2111 780 2182 invenit
793 2112 1000 2191 ibianimus‚
1018 2110 1110 2203 quod
1125 2110 1200 2179 sine
1212 2107 1350 2178 actione

275 2250 347 2319 ulla
365 2257 462 2340 agat.
484 2249 560 2319 siue
574 2248 695 2319 labore
710 2249 781 2319 ullo
799 2249 967 2319 elaboret.

325 2468 528 2548 rl'uinqrmm
547 2467 663 2530 lirinus
686 2469 780 2532 sotiis
804 2487 893 2544 sum,
913 2463 1031 2534 aiebat
1048 2458 1121 2544 ille,
1142 2480 1248 2548 quam
1273 2477 1351 2529 cam

274 2607 368 2671 solers
382 2634 390 2669 :
404 2624 596 2687 carnonam
614 2607 733 2671 atinus
745 2608 884 2684 otiosus,
898 2625 1005 2689 quam
1018 2626 1097 2671 cum
1111 2606 1252 2671 otiosus.
1273 2600 1353 2670 Vox

276 2738 433 2831 egregia,
456 2747 491 2809 et
509 2762 613 2831 quam
627 2739 740 2810 ausim
760 2740 875 2811 dicere
889 2747 1010 2810 natam
1037 2740 1073 2809 in
1093 2739 1149 2809 his
1166 2737 1253 2830 ipsis
1270 2738 1353 2808 hor·

275 2884 335 2955 tis.
358 2884 497 2954 Scilicet
514 2885 622 2955 menti
635 2886 751 2977 parati
773 2886 837 2968 illi,
860 2909 929 2956 non
952 2887 1116 2979 corpori:
1142 2886 1186 2956 ad
1204 2907 1283 2956 eam
1301 2882 1354 2953 re·

276 3022 477 3122 creandam,
514 3044 583 3091 non
614 3022 661 3092 ad
695 3023 762 3092 hoc
791 3023 1012 3093 laxandum:
1039 3030 1074 3093 et
1105 3023 1150 3092 ad
1177 3021 1354 3092 salubrem

277 3159 461 3252 quemdam
476 3182 651 3229 secessum
670 3163 692 3229 a
709 3160 803 3231 curis
821 3169 926 3254 atque
943 3161 1070 3233 turbis.
1093 3150 1263 3231 Homines
1290 3157 1353 3228 tibi

278 3297 438 3369 molesti'l
463 3297 520 3367 hic
549 3298 643 3392 apud
674 3304 708 3369 le
739 3297 824 3370 eris.
859 3300 1051 3392 Occupatio
1080 3297 1266 3370 exhausitl
1298 3295 1354 3367 hic

276 3444 471 3537 replebere;
496 3442 558 3514 ubi
575 3445 692 3515 animo
710 3444 838 3538 quietis
851 3445 939 3515 illud
954 3446 1135 3539 pabulum,
1158 3451 1193 3515 et
1206 3444 1251 3514 ab
1265 3466 1354 3514 aura

277 3582 418 3674 puriore
436 3582 531 3652 velut
546 3581 733 3674 inspiratio
752 3605 854 3652 novae
872 3582 967 3652 vitae.

328 3917 451 4010 Itaque
469 3918 568 3987 vides
585 3925 722 3988 veteres
747 3917 826 3988 illos
845 3918 1050 4011 Sapientesl
1070 3917 1105 3986 in
1124 3917 1237 3987 hortis
1255 3916 1354 3986 habi-

157 4122 166 4135 ,
278 4064 427 4127 terunt:
452 4057 620 4127 Erudilas
642 4057 746 4127 hodie
774 4058 962 4150 doctosque
981 4056 1140 4126 animast
1159 4055 1271 4125 hortis
1298 4054 1355 4123 de·

279 4197 456 4266 lactantur
469 4222 475 4267 :
490 4204 523 4267 et
542 4196 578 4264 in
593 4196 637 4266 iis
647 4195 765 4265 divina
780 4195 840 4266 illa
854 4196 1021 4288 pleraque
1038 4194 1171 4287 scripta
1188 4216 1351 4286 procusa,
