3262 5190
722 431 906 494 -418-

324 614 400 693 Nec
423 613 530 684 babet
555 635 657 684 omne
683 635 811 694 aevum,
839 611 976 705 opinor,
999 611 1092 704 quod
1117 610 1283 683 adstruat
1306 610 1370 682 his

276 753 457 847 exemplis,
478 761 610 848 praeter
623 761 804 836 nostrum;
821 753 882 823 sed
897 753 932 823 in
947 752 1032 823 orbe
1047 751 1129 824 aliu.

326 1013 474 1085 Pauculi
488 1013 581 1084 Iberi
600 1021 682 1084 ante
705 1036 818 1084 annos
840 1013 1021 1106 octogiuta
1034 1014 1069 1083 in
1087 1021 1208 1084 vastas
1222 1013 1307 1084 illas
1325 1022 1366 1084 et

276 1176 385 1224 novas
406 1161 520 1225 terras
539 1154 659 1236 delati,
677 1178 756 1249 quae
770 1155 908 1237 funera,
926 1156 1013 1227 deus
1026 1157 1130 1239 bone,
1148 1157 1358 1228 ediderunt!

276 1316 363 1387 quas
378 1293 533 1384 strages!
554 1293 631 1364 Nec
648 1293 692 1362 de
710 1293 827 1364 causis
846 1301 907 1364 aut
916 1293 996 1386 jure
1010 1292 1094 1366 belli
1113 1294 1262 1376 dissere,
1280 1301 1363 1366 tan-

275 1442 349 1505 tum
366 1433 410 1505 de
427 1433 575 1504 eventis
593 1434 707 1504 Cerno
729 1433 855 1525 ingens
879 1434 964 1504 illud
984 1443 1159 1505 terrarum
1187 1434 1356 1528 spatium,

276 1573 368 1667 quod
386 1572 517 1643 vidisse
532 1593 699 1664 magnum
718 1571 776 1654 sit,
795 1594 865 1642 non
880 1571 993 1642 dicam
1013 1571 1138 1642 vicisse
1153 1597 1161 1656 ;
1183 1575 1205 1641 a
1223 1570 1360 1642 vicenis

275 1712 488 1805 tricenisque
512 1711 681 1782 militibus
701 1711 847 1804 pervadi
869 1737 876 1781 :
895 1719 931 1782 et
949 1709 1081 1803 passim
1100 1710 1252 1781 inermes
1274 1709 1359 1781 illos

276 1874 405 1943 greges
422 1852 545 1933 sterni,
566 1860 604 1922 ut
623 1859 778 1943 segetem
795 1856 817 1921 a
835 1851 936 1922 salce.
956 1852 1025 1922 Ubi
1040 1858 1078 1921 tu
1100 1875 1138 1922 es
1160 1851 1357 1921 insularum

276 1992 429 2063 maxima
442 1992 563 2063 Cubat
586 1999 624 2062 tu
643 1992 760 2063 Hattit
779 2014 842 2062 vos
861 1992 1037 2086 Lucayae‘i
1057 2014 1136 2085 quae
1155 1992 1238 2062 olim
1257 1991 1357 2083 quin·

275 2132 392 2225 gentis
406 2139 468 2202 aut
487 2130 662 2202 sexcentis
680 2131 860 2201 hominum
879 2131 1032 2202 millibus
1051 2131 1251 2211 succincta,
1269 2129 1355 2201 alibi

274 2272 332 2342 vix
365 2271 562 2365 quindecim
590 2295 632 2341 ex
666 2271 710 2340 iis
739 2271 934 2342 retinuistis
965 2272 1001 2341 in
1032 2294 1164 2342 semen.
1198 2269 1356 2341 Ostende

275 2410 381 2479 ctiam
401 2419 434 2479 te
460 2409 616 2500 paullum
642 2418 680 2478 tu
708 2411 885 2489 Pernam,
909 2420 947 2479 tu
971 2411 1158 2481 Mexicana
1176 2432 1251 2480 ora.
1274 2409 1355 2480 Heu

276 2546 401 2616 miram
429 2546 661 2639 miseramque
687 2546 827 2617 faciem!
856 2548 1048 2619 immensus
1078 2547 1137 2618 ille
1162 2555 1296 2618 tractus
1319 2556 1355 2618 et

275 2709 357 2757 vere
375 2686 465 2755 alter
484 2685 602 2767 Orbis,
621 2695 741 2756 vastus
759 2687 971 2779 attritusque
985 2696 1144 2779 apparet,
1162 2710 1232 2756 non
1250 2685 1355 2756 aliter

275 2825 423 2919 quamsi
443 2825 577 2896 coelesti
597 2825 746 2917 quodam
765 2826 846 2917 igne
861 2826 1106 2917 deflagrasset.
1125 2828 1228 2897 Mens
1241 2833 1276 2896 et
1287 2825 1355 2896 lin·

274 2989 346 3058 gua
361 2965 444 3035 mihi
464 2965 570 3045 cadit,
589 2965 699 3057 Lipsi,
722 2965 890 3053 dumhaec
910 2989 1063 3035 memoro
1081 2992 1088 3036 :
1107 2980 1141 3036 et
1160 2966 1260 3036 video
1275 2988 1356 3036 nos·

276 3115 333 3174 tra
351 3104 468 3174 onmia
493 3128 567 3197 prae
592 3104 669 3174 istis
696 3127 766 3174 non
792 3104 888 3173 aliud
919 3128 1021 3196 quam
1047 3105 1229 3198 palearum
1250 3128 1355 3176 cessa

275 3264 365 3323 esse,
385 3250 421 3311 ut
435 3242 596 3312 Comicus
616 3243 677 3323 ait,
700 3250 761 3313 aut
775 3244 1064 3335 gurguliunculos
1084 3246 1249 3316 minutos

325 3881 399 3950 Nec
418 3887 534 3950 tamen
554 3881 669 3972 legem
690 3881 785 3952 illam
806 3884 1058 3976 mancipiorum
1078 3885 1193 3957 adhuc
1208 3887 1348 3957 resero:

276 4039 345 4109 qua
370 4016 458 4086 nihil
483 4018 644 4087 acerbius
670 4019 705 4087 in
729 4030 886 4090 veterum
912 4023 1023 4093 bellis.
1054 4023 1225 4095 Homines
1252 4024 1352 4116 inge·

276 4180 377 4238 nuos
400 4156 547 4238 nobiles
569 4181 711 4250 pueros
733 4160 907 4242 faeminas¹
931 4185 1052 4233 omnes
1071 4162 1182 4234 victor
1199 4164 1352 4257 abripie-
