3262 5190
775 493 961 556 -utl-

328 679 442 743 terum
461 673 657 765 quieturus.
675 672 753 744 Hoc
770 673 894 744 facias.
918 673 1003 743 cede
1026 672 1104 754 deo,
1125 671 1209 743 cede
1228 673 1378 765 tempori
1397 697 1403 741 :

328 818 376 893 et,
394 811 423 881 si
438 812 551 882 bonus
565 811 650 882 civis
666 834 717 894 es,
739 811 902 905 teipsum
917 811 1137 882 mollioribus
1150 825 1185 882 et
1203 811 1408 882 melioribus

328 948 410 1020 fatis
442 972 597 1022 reservo.
627 949 715 1027 Quae
749 973 841 1020 nunc
867 949 972 1042 periit
1003 949 1164 1031 libertas,
1198 949 1407 1020 reviviscere

329 1096 445 1182 potest
465 1115 472 1161 :
497 1097 532 1160 et
548 1088 666 1183 patria
683 1113 762 1183 quae
788 1089 934 1171 corruit,
956 1112 1143 1182 resurgere
1161 1089 1295 1160 labenti
1313 1112 1404 1161 aevo.
1490 1161 1494 1165 .

328 1230 400 1301 Cur
414 1238 544 1301 temere
558 1228 682 1321 abjicis
697 1229 866 1310 animum,
884 1237 946 1300 aut
959 1228 1176 1322 despondesl
1188 1228 1242 1298 En
1256 1227 1316 1298 illo
1330 1227 1408 1320 pari

330 1367 520 1438 Consulum
546 1366 640 1460 apud
670 1367 825 1449 Cannas,
859 1367 1041 1438 fortiorem
1072 1366 1184 1437 civem
1208 1367 1407 1436 Varronem

328 1506 441 1576 habeo
455 1506 514 1599 qui
528 1505 632 1598 sugit.
650 1528 756 1598 quam
771 1504 937 1576 Paullum
953 1505 1011 1597 qui
1026 1504 1200 1575 occubuit.
1215 1505 1290 1575 Nec
1304 1504 1408 1574 aliter

330 1647 483 1716 Senatus
511 1638 744 1739 populusque
762 1645 948 1716 Romanus
967 1643 1140 1737 judicavit
1164 1665 1170 1712 :
1193 1643 1251 1736 qui
1269 1642 1408 1736 publice

327 1785 465 1876 gratias
483 1784 514 1853 ei
528 1791 691 1876 egerunt,
709 1784 802 1878 qnod
816 1784 859 1854 de
877 1782 1059 1876 republica
1077 1805 1147 1853 non
1166 1781 1403 1875 desperasset.

329 1924 505 1994 Caeterum
521 1922 595 1993 sive
609 1922 740 1994 titubat
752 1923 815 1994 illa
827 1929 977 2005 tantum,
996 1923 1069 1993 sive
1082 1921 1176 1992 cadit
1194 1921 1287 1992 :sive
1301 1921 1404 2014 perit,

328 2060 402 2131 sive
427 2084 574 2154 prorsus
596 2059 718 2131 interit
743 2086 750 2131 ε
776 2083 821 2131 ne
842 2059 949 2131 nimis
963 2059 1150 2152 adfligere,
1172 2058 1233 2129 sed
1253 2058 1407 2129 Cratetis

328 2199 505 2271 excelsum
518 2199 782 2271 illumunimum
792 2200 911 2282 indue,
928 2199 987 2293 qui
998 2199 1172 2293 quaerenti
1186 2198 1404 2280 Alexandro

329 2343 384 2406 Au
391 2343 555 2426 petriano
568 2362 671 2407 securo
689 2345 787 2408 vellet
800 2343 960 2409 restitui?
977 2343 1067 2415 Quid
1080 2343 1192 2426 optas?
1210 2336 1403 2430 respondit.

328 2481 420 2545 alius
445 2481 651 2546 Aleaauclor
677 2482 832 2547 interum
863 2502 943 2548 eum
975 2483 1128 2565 fortusse
1152 2481 1283 2548 diruet.
1319 2476 1408 2547 Haec

329 2613 555 2706 sapientium,
572 2613 649 2685 haec
669 2614 841 2686 virorum.

612 2855 672 2871 .....
690 2810 773 2888 ἄλγεα
788 2809 897 2887 &innoc

530 2939 574 2996 E'u
588 2942 665 3016 θυμῷ
680 2945 833 2998 aaronitas
847 2942 968 3016 ἐάσομεν,
984 2942 1127 3020 ἀχνύμενοί
1141 2962 1190 3019 περ

530 3067 570 3125 Οὐ
584 3070 635 3146 γάρ
649 3091 687 3131 τις
702 3063 795 3146 apitii<
808 3068 915 3126 πέλεται
930 3077 1052 3146 κρυεροῖο
1066 3071 1151 3146 γόοιο,

328 3294 366 3357 ut
381 3293 474 3357 recto
490 3287 658 3357 monitum
673 3286 802 3357 Achilli
819 3288 913 3380 apud
928 3288 1134 3360 Homerum.
1149 3290 1242 3360 Nam
1256 3290 1359 3372 alias,
1370 3297 1408 3360 ut

331 3423 445 3492 Creon
464 3422 524 3492 ille
542 3422 577 3491 in
596 3422 725 3493 fabulis
752 3424 936 3495 ardentem
962 3424 1072 3495 filiam
1098 3426 1293 3520 amplexus
1320 3429 1407 3499 nihil

329 3584 407 3631 eom
430 3561 535 3653 juvit,
558 3560 619 3631 sed
646 3561 721 3655 ipse
747 3586 819 3633 una
844 3564 947 3655 periit
977 3589 984 3634 :
1015 3565 1066 3636 sic
1093 3573 1127 3635 te
1154 3565 1270 3648 citius
1292 3566 1405 3659 Lipsi,

329 3699 555 3780 exstinxeris,
589 3723 694 3792 quam
724 3700 891 3794 lacrymis
912 3700 982 3771 tuis
1009 3701 1103 3772 lrunc
1128 3702 1306 3794 publicum
1325 3704 1407 3775 Bel·

330 3839 420 3930 gicae
439 3838 570 3928 ignem.
