3262 5190
837 483 1021 546 -ata-

816 784 920 858 CAP.
942 784 1042 860 XIV.

391 1020 486 1083 noro
506 1021 558 1082 aa
582 1022 667 1102 aa,
690 1022 753 1085 orso
775 1023 982 1085 Providentia
1002 1023 1067 1103 ejas
1088 1027 1179 1085 outo.
1202 1021 1238 1083 ao
1260 986 1295 1083 ri
1315 1020 1413 1085 oum
1434 1021 1468 1082 o»

426 1143 553 1223 populos
565 1148 621 1206 oct
635 1142 723 1205 ortes
736 1143 876 1205 immitti.
890 1143 955 1206 idco
965 1161 1080 1224 parom
1091 1144 1245 1223 prosopa
1259 1143 1299 1203 its
1314 1141 1402 1218 queri
1415 1159 1468 1202 aos
1590 1135 1596 1156 ¹

430 1269 486 1328 out
500 1266 588 1344 floro.
613 1265 752 1344 Denique
772 1265 948 1327 adhortatio
968 1263 1197 1345 adportatum
1219 1264 1290 1325 Deo.
1318 1282 1386 1327 com
1411 1280 1468 1342 quo

431 1393 540 1451 temero
555 1387 723 1466 etfrostro
732 1392 906 1468 peroratur.

439 1607 540 1685 Quod
558 1607 588 1678 si
606 1607 695 1678 bene
721 1606 902 1689 imbibisti,
926 1606 956 1678 si
974 1606 1248 1699 gubernatorem
1271 1606 1368 1677 illam
1396 1606 1466 1675 vim

389 1748 545 1818 inserere
564 1770 601 1819 se
615 1759 720 1840 atque
734 1745 926 1829 insinuare,
944 1755 991 1829 et,
1009 1755 1048 1818 ut
1065 1769 1143 1818 cum
1157 1751 1260 1838 poeta
1276 1745 1414 1838 loquar,

710 1978 771 1993 .....
795 1934 841 1992 irc
858 1952 1041 2010 peroniaco

652 2053 822 2131 Yeorusque
840 2059 1018 2131 tractusque
1035 2056 1146 2127 moris,

389 2269 481 2340 serio
499 2275 535 2340 et
558 2293 600 2340 ex
622 2270 739 2342 animo
757 2271 872 2342 credis
896 2297 903 2342 :
929 2294 998 2343 non
1021 2271 1136 2352 video,
1157 2270 1235 2364 quis
1253 2270 1350 2342 locus
1373 2268 1467 2341 ultra

390 2431 470 2479 esse
484 2407 597 2502 possit
614 2407 728 2479 dolori
747 2416 806 2480 tuo
825 2418 887 2480 aut
904 2407 1070 2503 querelae.
1093 2409 1160 2480 Illa
1178 2409 1270 2480 enim
1287 2408 1365 2501 ipsa
1385 2430 1465 2500 pro-

387 2546 469 2617 vida
477 2569 588 2628 mene,
597 2569 677 2641 quae
692 2546 818 2619 coelum
831 2547 898 2619 hoc
908 2548 1049 2619 cottidie
1057 2548 1167 2620 volvit
1180 2547 1340 2630 revolvit,
1354 2548 1463 2619 solem

387 2684 482 2757 ducit
507 2685 656 2768 reducit,
678 2686 798 2779 fruges
823 2687 954 2781 promit
977 2686 1164 2759 recondit:
1194 2709 1298 2757 casus
1324 2686 1411 2757 istos
1429 2693 1464 2756 et

385 2823 644 2896 vicissitudines
665 2847 787 2897 omnes
814 2848 932 2896 rerum
958 2826 1105 2919 peperit,
1132 2848 1221 2919 quas
1243 2825 1384 2895 miraris
1404 2831 1465 2894 aut

386 2962 595 3056 indignaris.
618 2965 731 3035 Grata
755 2971 794 3035 tu
815 2970 966 3048 tantum,
988 2973 1023 3036 et
1045 2964 1147 3035 nobis
1166 2963 1360 3044 commoda,
1382 2962 1464 3033 sub-

386 3101 477 3173 mitti
496 3099 634 3172 coelitus
652 3102 778 3196 putast
795 3101 865 3172 imo
884 3100 1002 3171 tristia
1019 3100 1139 3182 etiam,
1161 3111 1197 3172 et
1214 3100 1460 3173 incommoda:

386 3263 450 3310 nec
470 3239 655 3333 quicquam
676 3239 818 3311 omnino
841 3238 878 3309 in
898 3238 964 3310 hac
986 3239 1113 3331 grandi
1131 3239 1295 3311 machina
1312 3241 1460 3333 geritur,

386 3379 561 3460 turbatur,
581 3379 748 3451 miscetur
765 3378 957 3472 (peccatum
972 3378 1119 3473 excipio)
1137 3379 1235 3472 cujus
1253 3402 1322 3451 non
1337 3403 1464 3451 caussa

385 3524 421 3587 et
442 3515 542 3609 origo
566 3519 587 3586 a
607 3516 720 3610 prima
742 3515 803 3587 illa
822 3538 962 3588 caussa.
985 3519 1111 3583 Πάντων
1129 3517 1222 3588 enim
1239 3521 1348 3609 ταμίαι
1366 3517 1463 3612 ἔργων

385 3661 416 3724 ἐν
431 3658 571 3748 οὐρανῷ,
587 3655 638 3726 ait
655 3655 766 3726 Recte
780 3655 957 3726 Pindarus
974 3680 982 3726 :
1000 3662 1035 3726 et
1052 3678 1160 3726 aurea
1178 3655 1339 3748 quaedam
1354 3655 1463 3727 veluti

386 3795 536 3869 cathena
553 3795 707 3868 demissa
725 3818 876 3894 superne
893 3804 948 3868 est
966 3795 1016 3890 (ut
1033 3818 1096 3890 per
1110 3796 1265 3867 fabulam
1286 3797 1462 3867 Homerus

385 3935 491 4031 velat)
509 3936 554 4005 ad
577 3958 681 4028 quarn
706 3934 824 4005 omnia
848 3935 926 4006 haec
949 3935 1087 4006 inferna
1105 3934 1265 4027 alligata.
1294 3934 1396 4012 Quod
1414 3935 1462 4005 ibi

385 4076 484 4146 labes
495 4081 600 4146 terrae
610 4075 738 4168 oppida
749 4074 890 4168 aliquod
905 4075 1094 4169 absorpsit,
1107 4079 1129 4145 d
1144 4075 1372 4146 Providentia
1385 4065 1458 4146 est:

387 4215 478 4309 quod
501 4214 585 4285 alibi
604 4198 713 4308 pestis
730 4211 842 4285 multa
859 4213 970 4285 millia
988 4214 1166 4285 hominum
1191 4215 1395 4295 demessuit,
1417 4217 1461 4285 ab
