3262 5190
759 498 798 515 -
822 465 880 528 roa
902 501 941 511 .-

313 642 552 715 metiturfalso
563 646 665 717 modo
684 672 690 716 :
709 646 739 717 si
752 647 903 731 animus,
917 648 975 743 qui
990 672 1053 740 per
1061 648 1236 741 opinionis
1246 649 1386 720 nubem.

313 783 403 854 Haec
415 782 561 866 homini,
582 785 613 856 si
631 787 848 869 consideras,
870 787 1042 857 malorum
1061 795 1198 857 mater:
1220 786 1298 857 haec
1310 810 1391 858 auc·

311 930 368 994 tor
392 922 428 993 in
455 924 557 996 nobis
575 926 730 998 confusae
757 935 792 997 et
809 925 1026 1020 perturbatae
1043 925 1140 996 vitae.
1166 925 1269 1001 Quod
1295 947 1390 995 curae

310 1084 375 1132 nos
396 1070 596 1146 exerceant,
620 1065 664 1135 ab
682 1064 749 1136 hac
767 1072 820 1137 est
846 1091 853 1136 ε
883 1065 974 1158 quod
997 1063 1155 1135 adfectus
1173 1062 1386 1143 distrahant,

310 1199 355 1271 ab
374 1199 463 1271 hac:
484 1202 576 1295 quod
589 1202 676 1273 vitia
694 1204 796 1275 nobis
814 1204 999 1298 imperent,
1017 1202 1061 1272 ab
1075 1202 1158 1273 ista.
1177 1202 1299 1294 ltaque
1313 1209 1352 1272 ut
1364 1201 1388 1270 ii

310 1338 369 1434 qui
384 1341 625 1435 Tyrannidem
639 1342 814 1413 sublatam
828 1348 847 1413 e
861 1342 1002 1413 civitate
1016 1340 1151 1423 volunt,
1164 1341 1294 1411 tollunt
1307 1348 1389 1411 ante

310 1479 428 1550 omnia
446 1489 676 1575 avertuntque
702 1505 819 1553 arcem
846 1505 852 1549 :
881 1481 932 1552 sic
954 1480 1069 1562 nobis,
1091 1480 1122 1550 si
1141 1479 1233 1551 serio
1254 1479 1299 1550 ad
1318 1479 1388 1550 Bo-

307 1641 389 1689 nam
404 1627 556 1691 mentem
571 1621 763 1714 pergimus,
785 1620 1016 1714 dejiciendum
1031 1620 1214 1691 castellum
1233 1618 1300 1690 hoc
1314 1619 1388 1711 opi-

307 1758 464 1831 nionum.
489 1760 756 1831 Fluctuabimur
774 1761 867 1831 enim
886 1784 963 1830 curn
981 1760 1025 1830 iis
1050 1781 1190 1851 semper
1209 1757 1383 1851 suspensi,

307 1872 458 1990 queruli,
471 1897 616 1978 turbidi,
629 1919 700 1968 non
714 1899 803 1980 Dee,
814 1920 884 1968 non
898 1897 1099 1968 hominibus
1114 1897 1201 1968 satis
1215 1896 1321 1989 aequi.
1337 1896 1387 1967 Ut

307 2034 409 2106 navis
426 2058 539 2106 vacua
552 2043 587 2106 et
599 2034 716 2106 inanis
731 2034 981 2127 circumagitur
993 2035 1030 2104 in
1042 2035 1131 2106 mari
1146 2035 1240 2106 omni
1254 2040 1357 2105 vento
1375 2059 1381 2104 :

307 2174 411 2247 sicin
430 2175 531 2246 nobis
550 2196 643 2267 vaga
659 2175 722 2246 illa
740 2197 851 2255 meno,
873 2197 978 2267 quam
998 2175 1134 2267 pondus
1152 2181 1188 2245 et
1205 2183 1385 2268 tamquam

307 2315 457 2386 saburra
471 2314 636 2384 Rationis
656 2337 726 2384 non
747 2294 928 2384 stabilivit,

748 3432 852 3505 CAP.
874 3432 937 3506 VI.

470 3676 654 3739 Constantia
671 3675 750 3753 laus,
765 3680 794 3738 et
805 3677 888 3739 aeria
901 3677 942 3738 ad
956 3693 1021 3737 eam
1037 3674 1217 3737 cohortatio.

355 3929 539 4021 Opinionis
557 3929 667 4021 igitur
693 3951 824 4037 comes,
846 3928 944 4022 Lipsi
961 3927 1086 3999 levitas
1105 3934 1172 4008 est,
1195 3932 1233 3996 ut
1252 3925 1350 3996 vides
1371 3950 1378 3994 ε

305 4068 553 4161 propriumque
572 4067 661 4160 ejus,
683 4074 820 4137 mutare
840 4089 978 4159 semper
996 4073 1030 4136 et
1047 4064 1230 4158 paenitere.
1252 4070 1289 4134 at
1308 4063 1382 4133 Ra-

305 4205 425 4287 tionis,
437 4205 646 4277 Constantia
663 4231 669 4273 :
688 4205 733 4274 ad
753 4227 857 4296 quarn
873 4202 1083 4272 induendam
1099 4200 1229 4281 animo,
1242 4198 1334 4270 serio
1349 4205 1382 4268 te
