3262 5190
753 1267 857 1339 CAP.
888 1268 991 1338 ΧΙΙΙ.

335 1505 450 1566 Temen
464 1509 499 1566 al
512 1504 641 1566 cariosis
655 1504 800 1583 satisfiat,
815 1506 982 1585 seperatim
993 1504 1034 1567 ad
1045 1510 1106 1566 tres
1116 1509 1225 1565 valeres
1240 1504 1411 1583 objectiones

373 1643 558 1706 responsum,
576 1631 605 1687 et
617 1627 718 1706 primo
732 1626 772 1686 ed
783 1643 848 1688 eain
864 1627 900 1687 de
917 1627 1013 1688 Malis
1027 1644 1085 1687 aaa
1096 1626 1219 1705 punitis
1235 1648 1243 1686 :
1259 1645 1331 1706 qam
1345 1626 1409 1706 dis-

365 1749 455 1825 ferri
482 1748 628 1825 docemus,
656 1766 717 1808 nan
744 1748 875 1818 dimitti,
903 1747 993 1827 idque
1016 1748 1063 1809 vel
1090 1748 1247 1810 laminam
1275 1750 1410 1829 ipsoram

371 1888 495 1932 caussa:
509 1871 556 1932 vel
570 1874 687 1932 natura
702 1870 835 1949 qaedam
849 1869 908 1948 dci,
925 1888 990 1950 qua
1005 1871 1046 1932 ad
1059 1871 1243 1951 suppliciam
1259 1870 1352 1933 lenta.

379 2116 494 2187 Rudis
511 2116 590 2187 haee
609 2124 643 2187 et
663 2116 812 2209 simplex
827 2115 897 2196 via,
916 2115 1170 2197 solennium,
1188 2116 1285 2209 Lipsi
1304 2141 1311 2186 :
1328 2116 1408 2186 reli-

330 2286 408 2356 quae
431 2262 574 2334 fallaces
593 2271 628 2334 et
646 2263 793 2333 lubrica>
812 2262 857 2333 ad
875 2262 1026 2355 lapsum.
1045 2265 1085 2333 In
1105 2263 1233 2334 divinis
1252 2264 1406 2357 superis-

328 2425 393 2494 que
419 2424 526 2472 unum
554 2425 700 2472 acumen
727 2409 793 2483 est,
828 2402 1106 2486 nihil,eernene;
1142 2426 1212 2472 nna
1240 2398 1402 2483 seientia,

328 2539 416 2609 nihil
450 2541 552 2610 scire.
585 2540 720 2610 Tamen
756 2539 920 2632 quoniam
950 2539 1033 2610 olim
1068 2548 1103 2611 et
1132 2564 1226 2611 nnnc
1259 2541 1406 2611 involvit
1499 2598 1502 2602 .

328 2678 471 2771 ingenia
500 2678 578 2748 haee
608 2677 780 2748 nubecula
813 2702 821 2747 -:
859 2677 1018 2748 evolvam
1049 2683 1149 2749 eale
1180 2678 1346 2758 breviter,
1375 2679 1404 2748 si

327 2840 482 2912 possum,
505 2826 540 2889 et
557 2818 750 2888 haerentem
775 2817 988 2888 transferam
1013 2840 1150 2909 quoque
1168 2839 1231 2909 per
1249 2816 1316 2887 hoc
1339 2816 1403 2887 fiu-

327 2981 419 3029 men.
430 2958 484 3027 Tu
498 2957 651 3028 coelestis
662 2964 697 3027 et
711 2964 845 3026 aeterna
858 2957 962 3026 Mens
977 2957 1022 3050 (in
1038 2956 1147 3026 altum
1162 2957 1399 3051 suspiciebat),

324 3121 446 3190 pacem
461 3098 667 3190 veniamque
682 3097 767 3167 mihi
782 3097 839 3177 da,
858 3096 986 3189 siquid
1004 3096 1039 3165 in
1055 3096 1110 3167 his
1129 3097 1268 3168 areanis
1288 3097 1406 3167 minus·

324 3235 420 3328 pium
439 3258 607 3326 parumve
622 3235 749 3314 dicam,
767 3235 905 3306 adfectu
924 3241 1042 3306 tamen
1056 3236 1127 3328 pie.

372 3680 423 3750 Ac
446 3680 608 3773 primum,
631 3679 742 3773 Lipsi,
764 3680 994 3749 communiter
1011 3679 1193 3749 iustitiam
1214 3703 1314 3750 suam
1338 3682 1398 3751 ad-

324 3845 441 3891 serere
467 3821 532 3890 deo
550 3843 654 3913 posse
672 3820 806 3902 videor,
826 3843 893 3890 uno
912 3821 980 3891 isto
1003 3821 1087 3892 ictu.
1114 3821 1151 3891 Si
1174 3822 1324 3915 adspicit
1340 3847 1398 3893 res

321 3962 494 4032 humanas
518 3959 616 4039 dena,
644 3960 749 4030 eliam
776 3967 888 4031 curat.
912 3961 942 4030 si
965 3968 1078 4043 curat,
1107 3961 1210 4052 regit.
1242 3963 1270 4031 si
1290 3962 1393 4054 regit,

315 4098 448 4191 judicio
468 4097 571 4188 regit.
590 4096 669 4167 atsi
682 4095 828 4189 judicie,
846 4099 1018 4191 quomodo
1037 4098 1184 4191 injustel
1204 4100 1285 4170 Non
1305 4102 1396 4171 enim

321 4238 477 4330 regimen
509 4237 616 4307 ullum
643 4236 719 4306 sine
745 4259 787 4309 ee
816 4237 873 4319 sit,
903 4238 965 4308 sed
995 4239 1190 4330 congenea,
1220 4241 1392 4324 confusio,
