3262 5190
719 478 898 538 -156-

271 655 364 748 quod
377 653 521 747 propius
540 642 607 734 est,
620 653 656 723 in
674 676 739 724 nos
757 680 764 725 :
786 662 821 725 et
839 662 933 727 recte
947 654 1005 725 ille
1020 655 1227 748 quicumque
1241 654 1341 736 dixit,

271 784 369 847 Bona
389 799 486 845 inens
499 780 576 844 sine
592 779 655 844 deo
668 780 765 844 nulla
779 786 843 847 est.

322 1727 369 1797 At
392 1749 541 1820 sequens
559 1726 621 1797 illa
639 1733 674 1797 et
698 1749 768 1797 non
785 1749 873 1797 sana
899 1748 982 1819 pars
1000 1725 1227 1819 (Opinionem
1254 1724 1349 1821 dieo)

274 1864 446 1955 originem
471 1886 572 1935 suam
590 1862 749 1957 Corpori,
767 1863 871 1934 idest
887 1871 994 1934 terrae
1016 1862 1147 1934 debet:
1169 1886 1279 1957 eoque
1300 1865 1350 1935 nil

273 2003 341 2073 uisi
372 2025 450 2073 eam
469 2003 574 2096 sapit.
597 2002 732 2096 Corpus
759 2002 851 2073 enim
871 2001 939 2072 etsi
963 2024 1027 2095 per
1053 2024 1091 2073 se
1117 2002 1294 2074 immobile
1316 2012 1351 2075 et

273 2165 474 2223 exsensum,
495 2150 615 2212 tamen
632 2141 742 2212 vitam
761 2147 962 2234 motumque
975 2141 1019 2211 ab
1034 2141 1153 2240 anima
1166 2142 1272 2213 sumit
1290 2167 1297 2212 :
1316 2152 1351 2213 et

274 2276 429 2348 vicissim
447 2275 576 2347 animae
594 2276 768 2368 imagines
789 2300 908 2347 rerum
933 2277 1086 2369 subjicit,
1104 2300 1166 2371 per
1185 2301 1351 2349 sensuum

273 2415 463 2485 fenestras,
481 2414 536 2483 lta
546 2412 641 2483 volut
654 2414 852 2484 communio
866 2413 1029 2506 quaedam
1042 2421 1077 2483 et
1092 2415 1243 2486 societas
1258 2422 1351 2486 coita

273 2553 366 2622 inter
390 2550 543 2620 animam
574 2558 609 2620 et
632 2572 759 2643 corpus
788 2577 796 2620 ι
831 2551 893 2621 sed
921 2550 1131 2633 communio,
1160 2552 1190 2622 si
1220 2553 1351 2624 exitum

274 2689 440 2770 attendis,
469 2687 597 2757 animae
615 2708 686 2793 non
704 2687 810 2757 bona.
832 2686 1028 2756 Abducitur
1045 2687 1139 2758 enim
1165 2689 1350 2781 paullatim

273 2848 424 2921 peream
437 2830 457 2895 e
471 2847 536 2894 suo
550 2823 694 2915 fastigio
708 2848 715 2893 ε
730 2818 904 2894 addicitur
913 2823 1148 2918 misceturque
1162 2825 1324 2896 sensibus
1339 2851 1346 2895 ε

273 2972 309 3036 et
329 2987 371 3034 ex
389 2964 528 3055 impuro
551 2960 617 3032 hoo
635 2969 729 3032 coetu
749 2961 876 3054 Opinio
896 2961 933 3031 in
959 2962 1060 3033 nobis
1078 2963 1350 3059 naseitur,·quae

273 3125 343 3172 non
362 3101 459 3171 aliud
476 3121 581 3192 quam
599 3098 765 3168 Rationis
783 3120 876 3168 vana
893 3099 1011 3191 imago
1030 3109 1064 3170 et
1081 3101 1219 3172 umbra.
1242 3101 1350 3194 Cujus

273 3260 358 3310 vera
378 3236 480 3306 sedes
508 3235 641 3305 Sensus
669 3260 675 3304 :
702 3235 815 3326 origo
837 3236 963 3308 Terra.
990 3237 1139 3330 ideoque
1159 3237 1296 3331 abjecta
1316 3248 1352 3311 et

272 3377 364 3457 vilis,
394 3398 465 3446 non
492 3374 653 3466 erigitur,
683 3396 753 3444 non
779 3375 968 3456 attollitur,
991 3399 1055 3447 nec
1080 3378 1191 3448 altum
1218 3379 1350 3472 aliquid

274 3520 335 3583 aut
361 3511 554 3583 aethereum
582 3519 729 3604 spectat.
752 3513 855 3583 Vana
882 3514 1017 3595 eadem,
1048 3513 1195 3597 incerta,
1224 3515 1346 3596 fallax,

274 3649 365 3719 male
396 3649 595 3729 consulens,
625 3648 717 3718 male
734 3647 911 3740 judicans,
942 3649 1151 3720 Constantia
1177 3651 1350 3744 imprimis

274 3788 429 3857 animum
445 3787 573 3879 spoliat
587 3794 620 3856 et
634 3786 807 3858 Veritate.
825 3787 903 3857 Hoo
917 3787 1013 3879 cupit
1026 3786 1143 3871 hodie,
1161 3812 1240 3859 cras
1255 3812 1350 3881 sper-

273 3926 326 3996 nit
347 3951 353 3995 :
376 3925 442 3996 hoo
467 3925 605 4016 probat,
631 3923 698 3996 hoe
723 3924 868 3994 damnat
893 3950 900 3994 :
922 3925 1010 3995 nihil
1021 3925 1169 4018 judicio,
1192 3926 1253 3996 sed
1272 3949 1348 3996 cor-

273 4063 349 4155 pori
365 4063 595 4156 sensibusque
608 4062 815 4155 gratifieans
830 4064 948 4133 omnia
962 4072 996 4134 et
1013 4063 1214 4157 indulgens,
1232 4065 1349 4157 Atque

275 4209 311 4270 ut
339 4200 473 4282 oculus
502 4200 561 4292 qui
588 4223 650 4293 per·
677 4199 839 4270 nebulam
866 4207 927 4270 aut
954 4224 1081 4294 aquam
1107 4202 1259 4294 inspicit,
1292 4225 1348 4271 ros
