3262 5190
723 472 906 536 444-

331 651 378 723 nt
395 654 554 745 germani
574 661 691 724 tamen
709 656 852 749 verique
871 656 993 738 Stoici,
1010 664 1136 750 aperta
1151 658 1266 728 fronte
1279 682 1359 752 pro·

280 791 364 862 fessi
395 814 584 885 numquam
610 792 691 877 ista.
719 802 781 864 aut
811 793 841 864 si
866 792 949 887 quid
971 794 1043 865 tale
1068 794 1112 865 iis
1140 794 1298 888 elapsum
1323 796 1359 866 iu

280 900 397 1001 calore
422 929 496 1013 illo,
525 938 563 1003 ut
587 931 639 1015 fit,
666 932 841 1015 scribendi
860 933 935 1004 sive
952 933 1167 1018 disserendi,
1186 935 1304 1006 verbis
1323 935 1358 1005 id

280 1070 394 1163 magis
412 1071 484 1142 tale
508 1072 714 1165 comperies,
740 1096 845 1166 quam
870 1096 907 1143 re
930 1083 966 1145 et
990 1096 1109 1145 sensu.
1139 1073 1357 1167 Chrysippus

278 1208 354 1301 ipse
380 1209 450 1303 (qui
477 1209 610 1303 primus
637 1211 793 1305 corrupit
817 1220 852 1282 et
870 1211 1051 1283 enervavit
1069 1211 1206 1282 virilem
1225 1219 1356 1283 sectam

221 1364 231 1379 ⁸
279 1348 421 1441 spinoso
448 1349 608 1421 acumine
634 1349 880 1443 quaestionum)
906 1349 949 1420 de
975 1334 1140 1421 libertate
1157 1348 1353 1423 imminuta.
1432 1360 1436 1367 '

279 1487 371 1580 apud
400 1485 577 1580 Agellium
608 1487 711 1559 diluit
740 1496 775 1559 et
798 1493 941 1580 purgat.
971 1488 1047 1558 Nec
1076 1488 1211 1559 Seneca
1238 1494 1359 1558 noster

246 1704 248 1709 .
278 1626 381 1697 deum
404 1626 495 1698 Fato
514 1627 653 1720 subjicit
670 1627 803 1721 (sanior
820 1626 872 1697 illi
899 1625 1009 1720 mens)
1032 1626 1094 1697 sed
1118 1648 1248 1719 genere
1273 1649 1358 1719 quo·

278 1763 359 1834 darn
377 1765 564 1846 sermonis,
592 1765 696 1836 deum
718 1765 797 1837 deo.
830 1766 924 1836 Nam
954 1765 1013 1858 qui
1043 1765 1138 1835 inter
1160 1787 1222 1835 eos
1240 1764 1358 1858 proxi·

277 1926 333 1973 me
348 1926 469 1975 verum
485 1927 678 1986 accessere,
704 1904 832 1976 Fatum
854 1905 944 1975 alias
963 1903 1226 1975 Providentiam
1244 1903 1357 1996 ipsam

277 2043 517 2137 appellabant,
543 2044 632 2115 alias
658 2042 784 2116 Deum.
807 2045 930 2138 ltaque
955 2044 1049 2114 Zeno
1075 2066 1154 2114 cum
1177 2041 1358 2113 definisset

276 2185 475 2276 εἱμαρμένην,
492 2183 619 2274 δύναμιν
636 2185 792 2264 κινητικὴν
815 2187 870 2263 τῆς
889 2180 964 2263 ὕλης
982 2185 1058 2248 κατὰ
1075 2183 1183 2263 ταῦτα,
1204 2181 1240 2247 air
1258 2180 1357 2246 ὡσαύ-

275 2353 336 2404 τως
370 2351 377 2396 :
418 2329 494 2394 Vim
528 2329 719 2395 secandam
752 2329 875 2395 eadam
907 2329 1027 2395 eodem
1062 2328 1164 2394 raodo
1197 2327 1357 2394 materia
1469 2341 1470 2344 ’

276 2469 457 2534 Μοὶήοθννι
485 2495 494 2532 .·
517 2461 669 2545 addidit,
695 2465 734 2543 ἦν
763 2489 831 2530 τινα
859 2466 903 2554 μὴ
929 2463 1070 2558 διάφορον
1091 2463 1127 2529 κὺ
1151 2464 1294 2555 πρόνοιαν
1319 2465 1356 2530 uri

276 2605 365 2700 paca
385 2600 488 2670 καλεῖν
509 2627 517 2673 :
538 2625 644 2689 quam
670 2606 760 2670 nihil
784 2606 934 2683 intersit,
956 2605 1224 2671 Providentiam
1247 2606 1354 2672 etiam

275 2754 337 2815 am
351 2748 529 2814 Naturam
547 2746 695 2813 dimisse.
718 2742 764 2812 Et
783 2740 1002 2835 Chrysippus
1019 2740 1064 2811 ab
1084 2739 1213 2810 'eadem
1240 2707 1368 2810 mente·

275 2883 403 2954 Fatum
422 2882 505 2954 alibi
524 2882 612 2952 dixit
628 2879 721 2975 λόγον
739 2879 834 2947 ἀΐδιον
854 2884 910 2960 τῆς
927 2881 1069 2972 προνοίας
1088 2903 1095 2949 :
1116 2883 1355 2948 Providentia?

274 2985 444 3093 aternam
462 3028 650 3092 rationem.
672 3022 748 3091 lam
770 3019 953 3090 Panaetius
976 3018 1116 3090 Stoicus
1138 3017 1203 3084 θεὸν
1228 3020 1354 3113 ἀπεφαί-

274 3188 341 3229 νετο
359 3164 415 3240 τὴν
436 3161 633 3251 εἱμαρμένην,
657 3164 767 3227 Deam
788 3163 903 3246 ipsam
924 3161 1017 3226 aiait
1037 3180 1110 3226 esse
1128 3163 1271 3228 Fatum.

305 3493 425 3598 ¹Quod
452 3520 547 3590 idern
574 3518 729 3589 sentiens
755 3519 850 3589 clare
877 3518 1011 3589 Seneca
1041 3542 1048 3587 :
1085 3521 1222 3593 Quoties
1249 3519 1350 3593 mles,

273 3660 399 3753 inquit,
424 3663 488 3728 aot
511 3664 589 3728 licat
613 3664 719 3728 aliter
742 3662 834 3727 lurra
856 3667 1035 3727 auctorem
1054 3679 1176 3726 reram
1194 3664 1226 3724 et
1252 3663 1352 3723 uatu-

272 3822 399 3868 ramcm
423 3803 643 3886 compellare.
666 3803 713 3867 m
731 3802 849 3866 locem
867 3802 966 3866 illum
988 3800 1158 3884 optimum
1175 3816 1217 3862 ac
1232 3797 1351 3861 acacci-

272 3961 368 4005 mum
388 3941 456 4005 rite
474 3940 577 4017 dicae,
596 3945 629 4004 et
650 3941 837 4005 Torrentem
858 3945 890 4004 et
904 3939 1077 4005 Statorem
1100 3966 1109 4003 .·
1131 3938 1192 4020 qai
1211 3954 1292 4012 nan,
1314 3940 1352 3999 ut

272 4079 432 4144 lu'stom'ci
449 4078 685 4154 tradiderunt,
700 4096 747 4142 eoa
763 4096 802 4142 eo
820 4077 911 4159 quod
926 4083 1002 4162 post
1020 4083 1137 4142 cotum
1153 4081 1350 4160 stmceptam

272 4220 364 4284 acies
400 4219 639 4283 Romanorum
668 4217 882 4300 sapientium
913 4218 1016 4293 stitit,
1047 4218 1109 4281 aed
1138 4216 1229 4299 aliod
1256 4220 1350 4280 stant
