3262 5190
722 509 844 574 -tbt
867 543 905 555 -

272 688 468 773 dissimulo,
485 691 521 760 iu
536 691 648 785 pretio
660 700 694 763 et
708 715 828 763 amore
843 691 927 762 mihi
941 714 984 761 ea
997 692 1104 784 secta)
1116 690 1174 783 qui
1189 696 1352 760 auctores

274 829 355 900 Fati
368 829 536 902 Violenti.
549 830 650 908 Quod
664 830 806 913 definio,
819 854 897 901 cum
912 830 1059 911 Seneca,
1077 829 1352 900 Nncussrrnruu

274 994 401 1043 annun
423 992 565 1042 onnrun
582 994 847 1053 ncr1onuueun,
871 994 969 1049 Qunn
986 992 1105 1044 uuuun
1119 992 1175 1042 urs
1190 992 1350 1041 nunrnr.

273 1118 340 1181 aut
350 1133 426 1181 cum
443 1106 476 1205 (¹)
493 1110 705 1204 Chrysippo,
715 1109 843 1201 δύναμιν
855 1110 1069 1200 compartiti,
1079 1105 1161 1186 τάξει
1174 1105 1228 1175 roi
1241 1110 1353 1209 παιτὸς

272 1247 473 1331 διοικητικήν,
490 1252 561 1317 cim
574 1253 783 1337 spiritatem,
798 1250 922 1317 ordine
936 1250 1145 1317 Universum
1154 1250 1218 1316 boc
1229 1248 1355 1335 puber-

276 1396 433 1457 natatem.
450 1387 526 1457 Nec
543 1387 673 1458 abeunt
693 1386 916 1457 definitiones
931 1385 1004 1456 illae
1020 1385 1124 1461 nimis
1141 1408 1163 1455 a
1178 1392 1272 1455 recto
1293 1394 1355 1454 aut

273 1511 1355 1617 vero,sisoneetmodesteinterpretere.utineototafortasse
1382 1538 1383 1541 ’

273 1686 394 1733 eorum
413 1663 601 1743 sententia,
622 1663 690 1733 nisi
703 1663 905 1755 jugulasset
919 1685 997 1732 eam
1012 1661 1148 1754 pridem
1163 1683 1355 1731 conversus

200 1898 204 1904 Ι
273 1799 392 1893 pollex
409 1801 522 1870 omnis
541 1800 649 1892 vulgi.
679 1800 856 1870 Tribuunt
875 1800 919 1870 iis
941 1800 1010 1869 duo
1039 1799 1158 1892 impia.
1184 1806 1231 1881 et,
1254 1799 1355 1877 Quod

274 1939 377 2009 deum
404 1939 571 2033 subjicem
588 1939 721 2010 faciunt
739 1939 842 2032 trigis
869 1939 962 2010 fati:
993 1947 1040 2021 et,
1070 1938 1172 2016 Quod
1197 1939 1355 2009 actiones

274 2078 358 2149 item
376 2077 546 2160 internas,
565 2084 599 2148 et
614 2084 746 2149 nostrae
767 2077 971 2149 voluntatis,
989 2078 1064 2148 Nec
1081 2076 1231 2148 fidenter
1252 2077 1356 2147 nimis

274 2240 335 2288 eos
353 2239 500 2311 purgem
519 2217 700 2310 utriusque
723 2216 850 2310 culpae.
880 2217 910 2287 E
932 2216 1074 2310 scriptis
1100 2216 1192 2287 enirn
1217 2241 1353 2299 eornm,

275 2378 354 2449 quae
372 2378 485 2448 pauca
501 2364 649 2436 restant,
672 2363 725 2426 est
745 2356 805 2426 ubi
823 2355 902 2426 hoec
920 2354 1063 2440 elicias;
1085 2367 1139 2425 est
1157 2355 1274 2438 etiam,
1298 2357 1355 2426 ubi

275 2493 389 2585 magis
405 2492 562 2564 saniora.
580 2493 715 2564 Seneca
729 2516 827 2575 sarie,
841 2493 997 2587 porticus
1010 2493 1105 2564 illius
1119 2493 1248 2564 tibicen
1261 2493 1356 2565 haud

277 2631 449 2714 infirmus,
482 2631 519 2702 in
541 2632 639 2725 prius
661 2632 748 2702 illud
773 2632 969 2726 impingere
992 2632 1145 2715 videtur,
1171 2633 1263 2704 libro
1287 2656 1355 2727 quo

275 2771 416 2842 minime
447 2771 579 2854 debuit,
613 2772 666 2842 De
690 2771 920 2866 Providentia
953 2794 960 2840 :
994 2776 1131 2841 Eodem
1158 2778 1354 2854 necessitas,

274 2908 398 3001 inquit,
417 2918 450 2977 et
464 2913 546 2978 deos
564 2913 702 2997 cilicet.
724 2911 972 2978 irrevocabilis
985 2912 1142 2978 berizone
1169 2933 1212 2979 oc
1234 2914 1356 3011 divino

272 3052 414 3134 pariter
426 3071 551 3116 cursus
564 3051 669 3117 nebit.
683 3053 746 3116 rue
761 3052 835 3136 ipse
845 3053 1002 3117 orientum
1016 3053 1174 3118 conditor
1187 3073 1229 3119 oc
1240 3037 1356 3119 'rector

274 3189 416 3273 scripsit
426 3190 567 3273 quidem
581 3191 683 3266 Fato,
702 3191 764 3256 sect
776 3192 948 3274 sequitur.
966 3192 1114 3277 Semper
1122 3199 1239 3277 paret,
1250 3195 1357 3259 semet

274 3327 390 3408 jussit.
414 3324 461 3394 Et
474 3323 730 3394 indissolubilis
753 3324 815 3394 illa
833 3325 983 3396 cathena
1006 3351 1184 3422 nexusque
1206 3353 1354 3401 caussa-

277 3484 372 3545 rum,
409 3487 476 3558 quo
508 3464 627 3535 omnia
658 3472 693 3535 et
732 3488 853 3536 omnes
878 3465 1009 3558 ligant,
1044 3469 1113 3539 vim
1141 3469 1257 3540 facere
1287 3493 1358 3540 non

275 3600 423 3673 obscure
442 3602 579 3675 videtur
595 3603 754 3675 Arbitrio
772 3604 938 3675 humano.

310 4144 337 4204 (Ι)
357 4146 398 4192 On
415 4147 510 4193 trouve
529 4160 628 4195 encore
644 4160 696 4196 uun
710 4151 788 4198 autre
804 4150 948 4201 ‹lottnition
966 4152 1001 4201 du
1024 4153 1119 4203 Destiu
1138 4167 1189 4217 pun·
1210 4154 1361 4217 Chrysippo

274 4233 344 4282 ‹luns
357 4232 434 4282 ΑιιΙιι
450 4234 536 4295 (telle,
549 4235 593 4284 liv.
609 4235 653 4287 Vl.
