3262 5190
722 572 768 615 ,-
791 537 851 628 su
872 571 912 582 -

280 744 349 791 non
365 744 436 791 una
449 720 556 791 facies
575 744 630 790 me
652 720 815 791 delectat.
838 721 899 790 sed
916 719 1023 813 plana
1040 720 1161 791 videre
1184 721 1306 814 capior
1325 731 1361 792 et

280 859 400 940 colles,
422 859 533 930 valles
547 868 582 930 et
596 883 714 953 rupes,
732 859 828 931 culta
845 867 880 929 et
894 882 1035 940 arenas
1049 865 1153 965 prata
1170 867 1205 930 et
1219 859 1328 930 silvas
1348 886 1355 930 :

280 1021 485 1092 semperque
503 997 684 1068 fastidium
702 1006 737 1069 et
755 998 879 1078 satias,
897 998 1042 1068 comites
1059 998 1237 1090 paritatis,
1261 999 1307 1069 Et
1322 999 1359 1068 in

278 1136 344 1208 hac
363 1138 459 1219 vitae,
483 1145 520 1208 ut
541 1137 591 1207 sic
613 1136 741 1218 dicam,
768 1160 885 1219 scena,
908 1161 969 1209 cur
995 1138 1087 1208 idem
1105 1137 1249 1209 habitus
1272 1138 1357 1209 mihi

280 1299 418 1369 semper
436 1275 575 1368 placeat
598 1283 633 1346 et
651 1275 793 1346 vultusl
814 1277 887 1345 Imo
906 1298 976 1346 non
1001 1276 1152 1367 placeat.
1182 1277 1257 1358 sed,
1280 1300 1359 1347 meo

277 1413 407 1493 animo.
431 1411 626 1483 Alcedonia
650 1391 826 1483 interdum
850 1420 885 1483 et
908 1413 1068 1483 malaciae
1087 1414 1250 1506 quaedam
1269 1415 1353 1497 sint,

276 1574 363 1645 quas
384 1575 465 1623 mox
483 1553 655 1623 bellorum
673 1552 782 1645 aliqui
802 1551 960 1644 turbines
984 1553 1210 1646 abrumpant,
1233 1561 1268 1624 et
1288 1577 1356 1624 sae-

275 1681 443 1751 vientium
465 1680 693 1774 tyrannidum
714 1680 880 1773 procellae
902 1707 909 1751 :
933 1681 1020 1758 Quis
1043 1690 1169 1753 voveat
1183 1682 1249 1753 hoc
1269 1682 1356 1752 Uni-

274 1844 414 1891 versum
440 1821 531 1892 sicut
556 1845 653 1891 mare
680 1829 854 1892 mortuum
882 1844 981 1903 esse,
1016 1822 1091 1892 sine
1122 1830 1248 1904 vent0‚
1276 1822 1353 1894 sine
1454 1810 1460 1815 ’

276 1961 395 2042 motu?

325 2731 393 2803 Sed
411 2739 445 2801 et
464 2731 603 2802 Cultum
618 2732 722 2803 etiam
741 2733 849 2803 alium
867 2734 1009 2815 odoror,
1028 2709 1141 2826 magis
1155 2734 1299 2816 serium,
1317 2742 1354 2805 et

276 2896 354 2942 cum
373 2871 539 2943 interiore
561 2873 689 2944 fructu.
717 2872 887 2943 Historiae
906 2872 991 2942 mihi
1010 2882 1183 2966 praeeunt,
1206 2874 1354 2945 meliora

276 3013 390 3082 omnia
422 3021 457 3083 et
483 3013 644 3083 molliora
670 3014 742 3085 sere
774 3012 940 3106 subsequi
974 3021 1054 3107 post
1084 3013 1234 3084 cladium
1263 3013 1351 3083 istos

277 3153 426 3222 nimbos.
451 3152 553 3223 Bella
574 3152 739 3244 populum
758 3153 910 3246 aliquem
932 3154 1127 3244 exagitant.
1149 3153 1211 3222 sed
1228 3151 1352 3222 eadem

277 3299 463 3372 exacuunt,
487 3298 522 3362 et
539 3290 672 3383 ingenii
689 3291 826 3362 variam
845 3280 1017 3362 culturam
1039 3293 1243 3385 plerumque
1263 3289 1351 3359 infe·

208 3430 210 3433 ’
275 3438 358 3500 runt
376 3438 411 3500 et
428 3438 536 3500 artes
555 3430 709 3501 Romani
728 3431 812 3501 olim
826 3430 903 3501 orbi
921 3437 1028 3500 terrae
1047 3430 1212 3501 acerbum
1224 3430 1351 3522 jugum
1462 3499 1465 3503 .

275 3571 517 3664 imposuerunt
545 3596 552 3640 ε
582 3572 644 3641 sed
665 3571 791 3662 jugum
814 3569 955 3641 salubre
980 3569 1090 3650 exitu,
1112 3568 1217 3660 quod,
1238 3581 1278 3638 ut
1296 3567 1350 3638 sol

273 3708 460 3798 caliginem
482 3709 526 3778 ab
545 3708 667 3788 oculis,
689 3708 740 3777 sic
761 3705 961 3776 barbariem
983 3705 1027 3774 ab
1047 3705 1175 3776 animis
1194 3705 1346 3797 fugabit.
1370 3789 1372 3791 ,

274 3845 366 3935 Quid
380 3845 474 3915 Galli
493 3845 557 3914 no's
576 3853 636 3914 aut
654 3845 821 3915 Germani
840 3867 932 3914 nunc
948 3867 1119 3926 essemus¹
1141 3844 1209 3914 nisi
1228 3844 1349 3936 magni

272 3983 408 4075 imperii
427 3982 489 4053 illa
506 3984 566 4052 lux
584 3983 685 4053 nobis
702 3983 925 4054 adfulsissetl
951 3983 1047 4065 Feri,
1073 3982 1221 4066 horridi,
1243 3982 1348 4053 caedi·

272 4123 337 4193 bus
352 4122 476 4192 alienis
495 4130 529 4193 et
549 4120 678 4192 nostris
696 4122 902 4214 gaudentes.
925 4123 980 4193 dei
1000 4122 1247 4215 hominumque
1263 4143 1347 4191 con·

273 4268 476 4353 temptores
503 4261 678 4353 Idemque,
703 4268 741 4331 ut
764 4283 930 4352 auguror,
955 4284 1044 4331 novo
1063 4260 1144 4343 huic
1162 4259 1249 4331 Orbi
1268 4283 1346 4332 eve-
