3204 5174
685 402 885 464 Η-498-

587 689 590 696 ’
659 729 763 801 our.
793 729 931 801 xxm.

258 964 461 1028 Crudelltolis
486 973 515 1029 el
535 966 671 1030 Coelium
692 967 888 1029 narrationes
913 966 1042 1042 aliquot,
1064 966 1167 1037 mim,
1194 973 1225 1028 et
1256 986 1363 1049 supra

581 1089 684 1151 omoio
697 1090 809 1152 seelera
825 1089 919 1168 lajas
935 1089 1001 1149 eoi.

303 1309 374 1380 Sed
392 1310 530 1381 saevitia
545 1317 663 1381 tamen
681 1310 799 1410 hodie,
814 1310 944 1404 inquis,
966 1317 1001 1380 et
1015 1308 1132 1380 coedes
1148 1309 1354 1383 inaudilae.

258 1443 345 1518 Soio'
353 1447 435 1541 quid
450 1448 590 1529 innuas,
608 1455 643 1519 el
656 1447 748 1541 quod
758 1470 930 1541 nuperum
948 1447 1078 1518 sactum
1092 1443 1139 1543 (¹).
1158 1448 1233 1519 Sed
1249 1456 1358 1521 tuam

207 1651 212 1665 ‚
256 1587 374 1669 fidem,
405 1587 515 1680 Lipsi‚
543 1588 615 1658 lale
639 1587 728 1658 nihil
752 1588 846 1681 apud
872 1588 1057 1682 antiquos?
1085 1587 1115 1657 Ο
1139 1587 1357 1680 imperitum

169 1758 172 1763 ·
257 1733 305 1807 te,
331 1725 361 1795 si
387 1726 503 1796 nescis
534 1749 541 1794 :
571 1727 715 1808 malum,
742 1727 772 1797 si
799 1726 1018 1798 dissimulas!
1049 1725 1225 1821 Exempla
1252 1729 1356 1799 enim
1405 1689 1411 1700 '

258 1865 345 1936 adeo
360 1873 523 1960 prompta
537 1873 572 1938 et
590 1867 712 1949 multa,
730 1875 768 1938 ut
785 1868 986 1938 laboremus
1001 1867 1038 1936 in
1055 1865 1236 1957 eligendo,

309 2136 420 2231 Syllae
439 2161 566 2209 nomen
584 2140 690 2222 nosti,
712 2139 807 2211 illius
830 2140 984 2212 Felicisl
1003 2148 1141 2233 ergoet
1163 2143 1353 2236 proscrip-

261 2276 392 2346 tionem
410 2276 485 2369 ejus
502 2276 668 2348 infamem
686 2285 721 2349 et
738 2279 939 2361 immanem,
961 2302 1031 2372 qua
1044 2284 1157 2349 raillio
1175 2291 1354 2368 quattuor

260 2423 292 2482 el
304 2419 542 2503 seplinyenlos
554 2414 648 2485 cives
667 2415 814 2485 abstulit
827 2416 887 2487 uui
902 2380 1004 2487 Urlii.
1027 2417 1073 2487 Et
1087 2439 1131 2487 ne
1145 2417 1232 2487 vilia
1247 2441 1351 2512 quae-

261 2549 343 2624 dam
360 2555 477 2647 capita
490 2560 553 2625 aut
565 2558 586 2624 e
598 2554 699 2648 plebe
713 2578 872 2638 censeas,
892 2565 1030 2626 centum
1047 2560 1297 2646 quodroyinto
1312 2560 1352 2630 in

261 2693 304 2765 iis
324 2695 528 2767 Senatores.
550 2696 626 2766 Nec
643 2703 751 2788 tango
770 2696 885 2766 caedes
903 2695 1118 2777 innumerae,
1137 2719 1218 2788 quae
1236 2695 1351 2792 ¹vulgo

260 2837 363 2907 saetae
388 2836 562 2929 permissu
585 2835 659 2928 ejus
684 2835 757 2906 sive
770 2836 885 2929 jussu.
910 2844 948 2906 ut
975 2860 1044 2906 nou
1071 2837 1248 2908 immerito
1278 2863 1351 2910 vox

260 2974 322 3044 illa
340 2976 384 3052 Q.
402 2976 526 3045 Catulo
545 2997 713 3067 expressa
728 2975 784 3054 sil,
806 2981 892 3046 Cum
910 2978 1034 3061 ortibus
1051 2980 1193 3044 tolidem
1212 2982 1352 3047 uiolari

260 3118 432 3194 sumus,si
450 3117 487 3181 ia
505 3115 590 3181 bello
608 3122 775 3192 armatae,
792 3117 829 3180 ia
839 3136 928 3200 poce
947 3104 1101 3182 iaermes
1120 3118 1352 3186 occidimus?

311 3539 359 3611 At
374 3540 509 3635 Syllam
528 3540 688 3610 eumdem
707 3540 792 3610 haut
811 3540 920 3609 mullo
935 3545 1014 3631 post
1031 3538 1158 3609 imitati
1176 3546 1253 3610 tres
1272 3541 1351 3614 dis-

261 3678 365 3770 cipuli
396 3678 625 3770 (Triumviros
653 3638 831 3769 inlellegol
855 3677 988 3769 pariter
1005 3677 1248 3770 proscripsere
1272 3690 1350 3751 tre-

260 3825 375 3885 centos
401 3821 586 3886 Senatores
612 3851 620 3884 .·
649 3817 793 3910 Equites
816 3818 998 3887 Romanos
1022 3840 1130 3910 supra
1149 3820 1202 3886 bis
1229 3827 1346 3894 millo.

262 3955 340 4025 Heu
360 3955 505 4035 scelera,
528 3955 653 4046 quibus
680 3955 767 4025 nihil
785 3955 947 4026 acerbius
976 3954 1036 4024 Sol
1056 3955 1115 4025 ille
1138 3955 1227 4027 vidit
1245 3958 1349 4030 visu-

293 4168 323 4229 (¹)
341 4164 469 4215 Allusiou
483 4180 536 4215 aux
550 4167 679 4216 crematos
692 4167 728 4215 du
742 4167 794 4218 duc
807 4168 900 4218 d'Albe
914 4181 946 4216 en
961 4167 1104 4231 Belgique.
