3262 5190
780 481 965 544 -att-

334 670 371 732 ut
389 661 514 755 cuique
533 660 582 732 rei
601 661 775 755 impressa
793 666 815 733 a
836 663 901 733 deo
925 662 1027 757 signa
1047 661 1227 755 postulant
1250 673 1285 734 et
1304 672 1411 736 notae.

333 802 373 871 ln
393 801 531 873 caussis
545 801 687 896 quidem
708 802 895 896 (secundas
915 803 1093 897 intellego)
1108 804 1331 887 necessariis,
1354 830 1414 876 ne-

331 940 487 1011 cessario
521 965 528 1011 :
558 940 595 1010 in
622 941 864 1024 naturalibus,
897 942 1109 1014 naturaliter
1142 968 1149 1013 :
1187 944 1411 1025 voluntariis,
1497 972 1499 976 ³
1536 925 1539 929 ⁵

330 1077 1132 1173 voluntarie:contingentibus,contingenter.
1156 1082 1278 1176 Itaque
1296 1107 1413 1155 rerum

331 1216 471 1311 quidem
498 1226 672 1312 respectu,
694 1218 765 1290 rim
791 1220 924 1291 nullam
942 1220 1057 1292 adfert
1083 1230 1145 1292 aut
1163 1222 1379 1294 coactionem
1402 1248 1409 1293 :

330 1358 392 1428 sed
411 1366 450 1430 ut
483 1359 636 1453 quidque
658 1367 780 1431 natum
803 1368 858 1432 cst
873 1361 990 1432 facere
1017 1369 1078 1432 aut
1098 1362 1185 1455 pati,
1215 1361 1266 1433 ita
1292 1362 1414 1456 dirigit

330 1474 471 1590 singula
485 1510 520 1569 et
537 1497 660 1570 flectit.

377 1637 425 1710 At
450 1640 480 1711 si
504 1640 541 1711 id
566 1640 612 1711 ad
630 1640 804 1734 originem
830 1664 931 1713 suam
956 1642 1074 1713 tamen
1094 1640 1260 1721 retrahis,
1290 1639 1408 1722 idest,

330 1779 594 1852 Providentiam
624 1787 660 1852 et
681 1781 822 1853 Deum:
841 1788 1046 1853 constanter
1070 1804 1134 1852 nec
1162 1779 1282 1851 timide
1305 1779 1411 1850 adfir-

329 1920 508 2003 mandum,
530 1921 732 1993 necessario
750 1921 869 1992 omnia
885 1921 963 1992 fieri
981 1943 1061 2015 quae
1076 1921 1167 1991 Fato
1181 1919 1284 1991 fiunt.

378 2060 565 2132 Postremo
588 2061 746 2155 adjunxi,
764 2062 807 2133 de
830 2061 976 2143 Ordine,
999 2062 1107 2142 Loco,
1135 2062 1321 2155 Tempore.
1350 2059 1410 2130 fir·

328 2221 429 2270 mans
452 2199 544 2293 quod
576 2199 792 2292 anteposui,
819 2198 1084 2270 Providentiam
1106 2221 1225 2270 rerum
1254 2197 1409 2269 omnium

321 2336 475 2429 junctim
494 2360 599 2422 esse;
628 2338 757 2408 Fatum
778 2359 842 2430 per
863 2335 1148 2407 distributionem
1172 2336 1407 2428 singularum.

329 2472 374 2543 Et
391 2473 427 2543 in
450 2473 600 2556 Ordine,
623 2474 750 2545 seriem
773 2497 970 2568 nexumque
993 2496 1201 2545 caussarum
1224 2474 1406 2566 intellego,

328 2635 415 2706 quas
434 2613 563 2684 Fatum
581 2612 716 2686 definit.
737 2614 773 2684 in
792 2614 886 2685 Loco
905 2620 940 2685 et
953 2615 1140 2707 Tempore,
1164 2612 1291 2684 miram
1311 2613 1409 2684 illam

327 2766 362 2824 et
388 2774 579 2846 numquam
597 2752 842 2847 explicandam
861 2753 946 2835 vim,
976 2776 1045 2847 qua
1071 2752 1191 2824 omnia
1220 2757 1347 2823 eventa
1375 2758 1411 2822 et

326 2890 432 2962 certis
451 2891 608 2962 locorum
632 2892 788 2975 sedibus,
811 2903 846 2964 et
874 2901 1072 2986 temporum
1098 2891 1297 2972 momentis,
1327 2897 1411 2962 sunt

326 3029 511 3102 adstricta.
533 3031 663 3102 Fatum
673 3039 727 3103 est
740 3031 974 3125 Tarquinium
993 3053 1102 3122 regno
1117 3030 1217 3123 ejicit
1239 3029 1303 3100 fiat
1320 3056 1327 3100 :
1347 3029 1409 3101 sed

326 3167 540 3238 adulterium
557 3170 750 3261 praecedat.
772 3170 932 3242 ordinem
954 3170 1067 3242 vides,
1096 3171 1276 3241 Caesarem
1299 3170 1408 3241 inter-

326 3313 405 3384 ficit
423 3314 498 3385 ita:
522 3315 583 3386 sed
604 3315 641 3386 in
668 3316 777 3388 Curia
798 3315 919 3399 etiam,
936 3322 971 3387 et
989 3315 1035 3386 ad
1054 3322 1210 3386 statuam
1231 3317 1405 3409 Pompeji.

326 3452 444 3524 locum
464 3452 575 3525 vides,
589 3453 830 3525 Domitianum
846 3457 867 3524 a
883 3453 957 3525 suis
971 3452 1082 3525 caedit
1096 3454 1254 3526 caedctur
1273 3477 1279 3523 :
1297 3463 1332 3526 et
1346 3455 1408 3525 illa

325 3590 404 3686 ipsa
434 3592 542 3675 hora,
576 3572 682 3687 quam
715 3594 851 3665 frustra
880 3593 1039 3675 vitabat,
1076 3592 1232 3688 quincta.
1271 3604 1407 3688 tempus

325 3731 436 3804 vides.
