3262 5190
597 1091 801 1198 LIBER
842 1090 1113 1198 PRIMUS

716 1343 988 1372 *w-

748 1561 907 1632 CAPUT
936 1562 964 1633 1.

317 1741 490 1835 Praefatio,
509 1761 538 1818 et
556 1755 753 1819 introductio.
774 1755 907 1828 Querela
939 1759 1011 1819 item
1035 1756 1143 1836 atiquo
1168 1755 1203 1817 de
1226 1756 1397 1836 Beloorum

673 1945 675 1949 .
808 1863 917 1926 turbis.

795 2003 798 2009 ,
920 1968 932 2002 ἱ

367 2043 460 2115 Ante
502 2066 615 2115 annos
646 2045 780 2138 aliquot
819 2061 897 2116 eum
927 2036 1101 2116 Viennam
1142 2040 1299 2113 Austrioe
1328 2041 1396 2111 iter

318 2183 498 2266 haberem,
515 2184 655 2276 fugiens
672 2183 799 2276 patriae
813 2206 901 2255 meae
916 2182 1061 2265 turbas;
1078 2180 1218 2262 deflexi,
1235 2203 1305 2252 non
1320 2178 1395 2250 sine

318 2321 383 2392 deo
403 2322 503 2403 duce,
525 2321 570 2391 ad
588 2322 792 2392 Eburonum
813 2320 950 2404 urbem,
968 2344 1048 2415 quae
1066 2343 1131 2392 neo
1150 2320 1256 2411 longe
1283 2319 1393 2401 ἡνίας

318 2464 354 2528 et
366 2457 402 2527 in
420 2479 490 2551 qua
503 2457 618 2540 amici,
636 2480 723 2550 quos
738 2458 895 2530 salutare
908 2483 1006 2531 more
1020 2459 1198 2531 suadebar
1211 2465 1246 2529 et
1260 2480 1393 2528 amore.

319 2596 415 2665 Inter
433 2618 493 2666 eos
511 2596 660 2668 Carolus
685 2591 856 2690 Longius,
877 2592 932 2668 vir
949 2572 1037 2692 (siue
1054 2597 1179 2669 fraude
1201 2605 1263 2668 aut
1286 2596 1397 2667 ambi·

317 2735 413 2806 tione
437 2734 563 2830 dicam)
589 2736 742 2829 optimus
767 2734 1060 2831 doctissimusque
1091 2736 1298 2828 Belgarum.
1329 2735 1397 2813 Qui

318 2897 396 2946 oum
419 2884 474 2945 me
487 2874 641 2980 hospitio
660 2875 875 2969 excepisset;
896 2860 966 2946 non
984 2875 1078 2946 omni
1097 2875 1210 2946 solum
1229 2873 1396 2946 comitate

318 3020 353 3084 et
366 3013 604 3085 benivolentia
621 3015 657 3084 id
671 3015 893 3107 temperavit,
911 3015 972 3087 sed
987 3037 1029 3086 eo
1047 3037 1177 3108 genere
1197 3035 1397 3085 sermonum

318 3152 377 3244 qui
404 3151 508 3222 utiles
534 3152 604 3221 imo
627 3150 802 3223 salutares
827 3153 910 3224 mihi
938 3155 974 3224 iu
999 3177 1101 3225 omne
1124 3177 1239 3226 aevum
1262 3161 1393 3223 essent.

320 3288 383 3359 Ille
398 3289 490 3359 enim
508 3288 574 3360 fuit
590 3288 649 3359 ille
663 3289 729 3371 vir,
748 3292 806 3383 qui
822 3292 942 3364 oculos
957 3293 1043 3364 mihi
1061 3294 1234 3387 aperiret,
1256 3293 1398 3363 detersa

317 3427 518 3520 vulgarium
549 3426 682 3521 aliquot
713 3429 915 3522 opinionum
942 3432 1034 3503 nube
1069 3459 1075 3503 :
1111 3433 1184 3514 ille,
1219 3432 1276 3526 qui
1304 3431 1396 3502 viam

319 3536 533 3646 ostenderet,
556 3587 625 3659 qua
644 3564 719 3636 sine
743 3567 893 3658 ambage
912 3571 1144 3662 pervenirem,
1170 3579 1209 3641 ut
1228 3594 1305 3641 oum
1330 3569 1397 3639 Lu-

320 3705 430 3777 cretio
448 3703 586 3797 loquar,
612 3704 656 3774 ad
676 3704 737 3774 illa

480 3921 577 3981 Edita
593 3923 735 3980 doctrino
750 3925 928 4000 sapientum
946 3925 1062 4000 tmuplo
1073 3943 1194 3984 sereno.

369 4224 461 4293 Nam
486 4246 565 4293 oum
585 4229 665 4315 post
678 4221 859 4292 meridiem
881 4222 1016 4293 fervido
1032 4223 1105 4294 sole
1120 4224 1290 4318 (praeceps
1304 4227 1395 4297 enim
