3262 5190
717 465 899 527 ..ppo-

272 642 443 726 evincam,
465 643 497 714 A
524 643 642 726 rebus,
665 647 735 715 eta
752 644 856 717 Fato,
878 644 909 716 A
927 645 1033 716 rebus
1050 643 1137 738 ipsis
1158 670 1166 716 :
1184 644 1349 739 quoniam

272 781 453 874 ingenium
472 780 538 853 hoc
555 783 717 855 omnibus
737 784 879 867 creatis,
901 791 940 855 ut
959 783 1068 855 insita
1085 782 1238 877 quadam
1256 782 1290 852 vi
1304 781 1350 852 ad

260 920 503 1023 mutationem
528 918 687 992 serentur
716 929 751 994 et
779 945 911 995 casum.
942 922 991 993 Ut
1020 923 1114 993 ferro
1141 943 1349 992 consumens

273 1021 436 1154 quaedam
454 1060 580 1153 rubigo
598 1083 661 1154 per
677 1067 841 1131 naturam
868 1068 1002 1153 agnata
1024 1068 1079 1132 est
1100 1083 1107 1129 :
1136 1058 1247 1151 ligno,
1268 1082 1349 1130 exe-

273 1199 360 1270 dens
374 1199 489 1270 caries
503 1206 565 1270 aut
578 1199 720 1270 teredo:
738 1199 789 1270 sic
799 1198 1025 1282 animalibus,
1043 1198 1194 1293 oppidis,
1212 1197 1346 1291 regnis,

178 1392 190 1410 ,
272 1339 423 1409 internae
447 1345 483 1410 et
505 1360 579 1408 suae
607 1360 744 1409 caussae
766 1337 950 1432 pereundi.
977 1340 1125 1431 Supera,
1146 1337 1260 1408 infera
1277 1359 1351 1408 res·
1399 1328 1404 1340 “

272 1476 369 1571 pice;
386 1476 549 1569 grandia,
570 1498 680 1570 parva
694 1501 702 1561 ;
719 1476 932 1559 manufacta,
954 1482 1016 1548 aut
1033 1482 1150 1547 mente
1167 1501 1174 1546 :
1197 1474 1241 1547 ab
1255 1475 1350 1546 omni
1440 1518 1442 1523 -

273 1636 351 1684 aevo
377 1621 558 1695 corruunt,
588 1620 623 1685 et
644 1623 810 1688 corruent
835 1614 872 1685 in
895 1637 998 1685 omne
1022 1637 1150 1685 aevum.
1179 1613 1294 1706 Atque
1313 1621 1351 1683 ut

272 1748 419 1821 flumina
436 1750 482 1821 ad
496 1773 594 1822 mare
613 1722 789 1834 seruntur..
807 1753 943 1846 perpeti
965 1760 1001 1824 et
1018 1775 1129 1846 prono
1143 1735 1249 1823 cursu
1271 1777 1277 1822 :
1300 1751 1352 1823 sic

273 1913 330 1961 res
349 1912 471 1961 omnes
497 1889 676 1972 humanae,
697 1913 761 1984 per
784 1890 878 1962 hunc
903 1891 954 1986 (ut
978 1890 1029 1961 sic
1054 1888 1179 1984 dicam)
1197 1889 1350 1961 cladium

272 2028 431 2099 canalem
448 2026 617 2098 labuntur
634 2028 680 2098 ad
697 2050 797 2099 suam
815 2035 957 2101 metam.
985 2030 1085 2100 Meta
1111 2051 1166 2110 ea,
1196 2050 1291 2099 mors
1315 2036 1351 2098 et

272 2165 449 2248 interitus,
473 2165 600 2260 quibus
620 2165 756 2249 Pestis,
786 2166 901 2248 Bella,
931 2167 1068 2248 Caedes
1098 2165 1298 2237 administri
1315 2173 1351 2235 et

271 2304 519 2376 instrumenta.
542 2304 597 2374 lta
611 2303 640 2374 si
654 2326 750 2375 mors
764 2302 809 2374 iis
823 2304 1045 2375 necessaria:
1060 2303 1270 2375 necessariae
1283 2303 1350 2375 hoc

272 2449 435 2536 respectu
447 2449 483 2513 et
496 2442 628 2514 clades.
642 2442 744 2521 Quod
756 2450 793 2514 ut
802 2443 933 2515 clarius
946 2444 1068 2515 videas
1082 2442 1147 2514 sub
1162 2440 1343 2535 exemplis,

272 2604 342 2652 non
361 2579 542 2672 diffugiam
560 2587 677 2652 mente
691 2588 727 2652 et
739 2580 857 2653 animo
874 2582 1054 2676 paulisper
1068 2589 1182 2654 tecum
1195 2580 1351 2676 peregri-

272 2718 349 2791 nari
364 2741 427 2812 per
441 2739 607 2811 maguum
621 2718 687 2791 hoc
701 2719 927 2792 Universum.
