3262 5190
762 487 957 567 -uaf
1038 516 1042 524 -

313 691 391 740 cum
410 666 564 761 antiquis
582 666 722 761 loquar)
741 665 944 760 proterendi
959 670 1057 754 sunt,
1076 664 1295 736 Constantiae
1314 687 1393 736 nos·

312 814 378 879 irae
394 807 496 879 valde
510 807 649 878 adversi
667 833 674 877 :
694 805 893 887 Simulati0‚
911 805 1044 887 Pietas,
1062 804 1260 877 Miserati0.
1278 805 1393 900 Atque

312 946 374 1017 ille
387 946 526 1039 quidem
539 945 649 1039 prius.
662 945 783 1037 Negas
797 952 832 1016 ta
845 943 938 1015 ferre
952 943 1046 1016 mala
1058 943 1210 1037 publica,
1224 967 1268 1016 ea
1280 945 1392 1015 dolori

313 1085 378 1157 tibi
403 1108 494 1167 esse,
519 1086 589 1156 imo
613 1085 729 1156 morti.
752 1082 863 1156 Satin’
881 1083 973 1154 serio
1003 1084 1195 1158 adfirmas?
1218 1110 1264 1157 an
1295 1088 1393 1158 fraus

314 1222 372 1294 hic
391 1222 510 1316 aliqua
527 1230 562 1294 et
579 1222 701 1293 fucusi

365 1510 441 1603 Ego
460 1510 677 1593 commotior,
697 1510 766 1581 imo
781 1510 873 1582 serio
886 1518 925 1581 tu
937 1509 1005 1582 hoc
1017 1512 1145 1603 rogasi
1161 1511 1324 1604 inquam;
1348 1532 1394 1580 au

315 1649 409 1720 rides
427 1657 462 1720 et
480 1649 622 1721 irritas?

362 1884 441 1976 Ego
467 1884 574 1966 serio,
601 1883 727 1978 inquii.
748 1906 819 1955 non
837 1884 930 1955 enim
948 1884 1051 1978 pauci
1072 1908 1116 1956 ex
1140 1884 1207 1956 hoc
1225 1883 1394 1955 valetudi-

314 2021 413 2094 nario
439 2029 558 2094 vestro
588 2022 771 2117 imponunt
797 2023 954 2105 medicis,
981 2031 1016 2095 et
1034 2023 1191 2094 dolorem
1213 2022 1393 2116 publicum

313 2160 493 2244 simulant,
511 2161 568 2254 qui
584 2184 709 2233 revera
722 2169 777 2233 est
790 2161 960 2254 privatus.
978 2160 1108 2239 Quaero
1121 2159 1242 2253 igitur,
1260 2160 1393 2232 satisne

313 2303 495 2389 acceptum
509 2297 655 2378 habeas,
676 2319 797 2368 curam
814 2296 921 2369 istam

433 2457 511 2529 Quae
526 2463 555 2517 te
569 2475 654 2518 nunc
668 2459 770 2535 coquit
783 2463 813 2517 et
826 2463 929 2517 versat
942 2457 998 2518 sub
1007 2464 1131 2535 pectore
1142 2459 1220 2536 succ,

312 2629 439 2722 patriae
456 2629 567 2721 ipsius
580 2650 708 2700 caussa
721 2634 921 2722 susceptam
939 2650 1030 2709 esse,
1048 2650 1094 2699 an
1111 2629 1195 2699 tua?

363 2866 526 2938 Etiamne
544 2866 717 2960 ambigis?
734 2865 876 2959 inquam
902 2887 981 2957 ege.
999 2853 1127 2959 patriae
1145 2866 1249 2937 unius
1264 2889 1392 2938 caussa

314 3003 399 3075 mihi
416 3005 474 3076 hic
491 3004 619 3086 luctus,
636 3005 764 3096 Largi,
786 3000 925 3096 patriae.

363 3239 426 3309 Ille
455 3238 626 3319 abnuens,
655 3237 873 3309 Adolescens
896 3237 975 3307 vide
1002 3236 1109 3307 etiam
1139 3242 1244 3330 atquc
1269 3237 1387 3318 etiam,

313 3377 437 3469 inquit.
459 3377 553 3447 Nam
570 3376 608 3446 in
624 3383 659 3447 tc
677 3377 707 3447 si
725 3359 853 3448 eximia
870 3375 947 3446 haec
971 3381 1006 3446 et
1023 3373 1161 3446 sincera
1178 3373 1314 3468 pietas.
1327 3374 1390 3443 mi·

314 3514 421 3586 rabor
444 3540 451 3585 :
473 3514 622 3586 certain
643 3513 765 3608 paucis
795 3539 802 3584 :
833 3513 1021 3591 Querimur
1043 3513 1203 3583 homines
1227 3535 1323 3606 saepe
1348 3512 1391 3582 de

314 3652 416 3724 malis
433 3652 594 3746 publicis
615 3652 729 3723 fateor
751 3677 759 3723 :
780 3674 845 3723 nec
863 3650 954 3722 alius
971 3658 1044 3722 tam
1062 3652 1256 3723 communis
1274 3651 1387 3734 dolor,

313 3799 348 3863 et
366 3800 404 3863 ut
422 3792 474 3862 sic
491 3791 651 3872 dixerim,
677 3791 791 3883 magis
816 3792 852 3861 in
877 3793 1029 3862 frontem
1051 3791 1250 3874 incurrens,
1277 3792 1339 3863 sed
1361 3793 1390 3862 si

313 3931 456 4023 propius
480 3930 673 4012 examinas,
699 3930 853 4023 reperies
877 3930 1082 4024 plerumque
1108 3930 1294 4003 discidium
1324 3930 1388 4002 ali-

313 4068 405 4161 quod
425 4067 556 4158 liuguae
574 4053 608 4137 et
625 4066 742 4138 cordis
756 4089 846 4139 essa.
868 4066 1066 4139 Ambitiosa
1085 4069 1146 4139 illa
1163 4068 1272 4140 verba
1292 4075 1387 4149 sunt,

312 4213 426 4276 Mouet
447 4230 501 4275 ure
514 4209 630 4274 clades
641 4210 783 4292 petrice,
801 4227 871 4275 non
884 4228 968 4276 vera
990 4215 997 4276 i
1019 4206 1055 4291 in
1072 4205 1183 4276 labris
1202 4214 1297 4289 nata,
1320 4229 1390 4278 uon
