3262 5190
796 478 978 542 —282-

351 660 543 752 harumque
557 659 677 751 copia'l
693 682 771 751 quae
786 658 916 728 raritas
930 666 965 728 et
977 658 1139 728 novitast
1159 666 1196 728 ut
1213 658 1375 729 videatur
1388 659 1424 728 in

352 799 515 890 exiguum
533 797 625 867 hunc
642 797 758 867 locum
775 798 915 867 Natura
928 796 1156 878 conclusisse,
1174 796 1341 890 quidquid
1356 797 1427 866 exi·

353 936 459 1005 mium
478 935 584 1005 habet
601 943 723 1005 noster
736 943 797 1006 aut
816 932 906 1006 alter
925 935 1032 1005 orbis
1191 925 1195 932 ⁵

792 1513 896 1584 CAP.
927 1515 972 1583 ll.

353 1769 526 1831 llertorem
541 1770 574 1830 io
584 1787 692 1848 uenere
702 1769 867 1831 Laudatie.
890 1770 1016 1832 Cultura
1030 1787 1096 1831 eam
1107 1769 1271 1847 antiquum
1283 1786 1351 1837 esse,
1368 1773 1396 1829 et
1410 1767 1427 1828 ἁ

393 1892 519 1951 recture.
537 1890 632 1970 Reqes
646 1895 674 1951 et
688 1892 771 1951 eires
785 1908 909 1970 moyseos
925 1907 1097 1970 usurpasse.
1120 1891 1260 1966 Denique
1273 1890 1428 1952 delectatio

394 2031 497 2075 eorem
510 2014 542 2074 ot
557 2015 657 2076 oeulos
668 2016 779 2094 posito,
791 2019 820 2077 et
833 2033 892 2076 eoa
907 2013 1076 2096 improbem
1091 2031 1190 2075 meum
1205 2018 1317 2075 vetem.

405 2260 450 2329 Et
464 2261 619 2352 profecto
633 2261 814 2353 egregium
829 2269 864 2331 et
876 2261 1054 2331 laudabile
1068 2261 1134 2331 hoc
1148 2269 1245 2331 tuum
1261 2261 1425 2339 studium,

356 2396 483 2489 Laugi,
506 2397 542 2466 in
561 2421 599 2466 re
616 2398 813 2468 hortorum.
844 2371 997 2467 studium
1023 2397 1068 2467 ad
1096 2397 1200 2491 quod,
1222 2397 1290 2467 nisi
1308 2397 1425 2477 fallor,

336 2536 506 2630 ¹optimus
534 2545 569 2607 et
594 2537 873 2608 modestissimus
901 2537 1046 2630 quisque
1074 2537 1227 2608 trahitur
1251 2541 1272 2606 a
1293 2544 1430 2607 =natura

353 2677 444 2768 ipsa.
478 2675 541 2746 Cui
568 2684 827 2767 argumentum,
861 2676 953 2769 quod
983 2699 1052 2746 non
1083 2677 1186 2746 facile
1214 2675 1429 2768 voluptatem

355 2814 462 2884 aliam
480 2814 622 2896 dixeris,
644 2815 680 2883 in
703 2837 807 2907 quam
831 2814 876 2884 ab
894 2814 988 2884 omni
1006 2837 1083 2884 aevo
1102 2822 1174 2884 tam
1200 2812 1324 2904 cupide
1350 2833 1430 2880 con·

356 2954 531 3024 senserint
553 2952 673 3023 selecti
696 2953 788 3022 inter
806 2960 948 3044 gentes:
971 2952 1098 3022 Sacros
1117 2951 1254 3022 litteras
1271 2949 1428 3020 lustrast

354 3090 490 3160 videbis
513 3112 683 3159 unacum
711 3090 795 3159 orbe
819 3104 902 3159 nato
924 3096 1026 3158 natos
1042 3089 1164 3158 hortos
1192 3114 1199 3158 :
1228 3111 1315 3181 quos
1334 3088 1429 3158 Deus

354 3229 430 3319 ipse
448 3226 560 3319 primo
578 3225 711 3295 homini
729 3227 942 3296 domicilium
955 3226 1129 3308 attribuit,
1146 3232 1181 3297 et
1198 3226 1293 3296 velut
1312 3226 1429 3295 sedem

355 3368 470 3436 beatae
494 3365 590 3436 vitae.
617 3365 814 3436 Protanast
839 3388 918 3436 ecce
943 3365 1131 3448 Adonidis,
1158 3374 1193 3437 et
1222 3365 1373 3446 Alcinoi,
1395 3373 1454 3435 et‘

355 3503 511 3585 Tantali,
540 3512 574 3574 et
600 3503 836 3596 Hesperidum
868 3505 991 3576 hortos
1022 3505 1208 3596 proverbia
1238 3512 1273 3574 et
1298 3504 1428 3574 fabula

353 3643 564 3736 loquuntur:
578 3650 612 3712 et
630 3642 664 3711 in
679 3641 773 3712 veris
787 3642 960 3735 certisque
976 3642 1147 3723 historiis
1170 3643 1326 3734 reperies
1344 3643 1427 3736 Cyri

354 3782 448 3872 regis
463 3803 568 3849 manu
593 3778 772 3870 plantaria
798 3778 973 3860 instituta,
997 3788 1031 3848 et
1051 3778 1293 3849 Semiramidis
1312 3778 1428 3848 aerios

353 3917 573 4010 pensilesque
598 3917 716 3998 flores,
747 3925 782 3987 et
808 3917 1021 3986 Musanissee
1045 3894 1427 3998 novumet‘celebrem

273 4143 275 4148 .
353 4056 497 4136 cultum,
514 4055 634 4125 Africa
650 4054 814 4125 mirante.
837 4054 1018 4124 lam'inter
1036 4056 1171 4146 priscos
1190 4056 1335 4126 Graecos
1353 4055 1426 4125 Ro-

353 4213 556 4283 manosque,
591 4199 674 4282 quot
708 4190 862 4261 illustria
896 4190 1012 4283 capita
1046 4190 1109 4281 tibi
1139 4192 1329 4283 proferam,
1367 4193 1424 4285 qui
