3262 5190
247 933 250 936 <
338 880 440 957 Quod
460 880 552 951 enim
572 888 608 953 te
628 904 699 953 non
717 867 820 975 fugit,
841 890 978 954 aeterna
999 882 1159 976 quaedam
1173 892 1278 953 'mens
1296 890 1361 964 est,

287 1039 392 1109 quam
407 1019 519 1091 Deum
533 1020 753 1114 appellamus
766 1046 774 1092 ε
787 1044 866 1114 quac
881 1021 1049 1092 coelorum
1063 1044 1234 1114 perennes
1244 1022 1361 1103 orbes,

286 1178 366 1249 quae
380 1157 535 1229 siderum
548 1158 742 1253 inaequales
756 1182 893 1242 cursus,
908 1182 986 1253 qnae
997 1159 1247 1231 elementorum
1261 1161 1365 1232 aiter-

285 1319 351 1368 nas
375 1296 482 1380 vices,
513 1321 593 1392 quae
618 1298 767 1392 denique
797 1322 919 1371 omnes
945 1321 1002 1370 res
1027 1321 1186 1392 superas,
1215 1299 1359 1380 inseras

284 1442 470 1529 temperat,
510 1437 726 1520 moderatur,
764 1439 949 1531 gubernat.
984 1440 1112 1510 Casum
1143 1445 1181 1509 tu
1211 1437 1362 1531 aliquem

284 1572 524 1644 Fortunamve
550 1549 723 1645 dominari
745 1573 782 1644 in
807 1574 875 1646 hoc
896 1574 1118 1668 pucherrimo
1142 1574 1263 1646 mnndi
1285 1598 1361 1646 cor-

283 1734 369 1805 pore
394 1712 537 1783 censeat
566 1711 755 1783 temerario
778 1719 840 1782 aut
865 1734 960 1783 coeco
981 1713 1113 1806 impetu
1130 1711 1215 1782 ferri
1238 1711 1360 1782 misce-

283 1848 382 1942 rique
399 1871 457 1920 res
474 1848 674 1919 humanust
692 1847 778 1929 scio,
798 1870 869 1919 non
886 1871 1008 1919 censes
1029 1874 1036 1920 :
1060 1872 1123 1920 nec
1137 1849 1320 1942 quisquam
1338 1853 1360 1917 rt

280 1994 316 2058 te
333 1987 437 2070 aliua,
460 1988 519 2081 qui
539 1987 671 2081 aliquid
689 2009 759 2058 non
785 1986 900 2058 dicam
923 1987 1107 2081 sapientire
1132 1987 1275 2070 habeat,
1297 1990 1358 2059 sed

280 2126 456 2198 sanitatis.
482 2127 632 2199 Naturae
651 2128 756 2210 enim,
778 2135 916 2198 naturae
933 2128 1003 2198 ista
1021 2150 1088 2199 vox
1111 2134 1193 2199 est:
1216 2134 1251 2199 et
1272 2149 1356 2220 quo·

279 2285 414 2356 cunque
428 2263 548 2334 oeulos
561 2263 785 2356 animumque
800 2271 1004 2346 convertas;
1022 2263 1199 2346 mortalia,
1217 2265 1357 2336 immor-

277 2400 382 2484 talia;
400 2399 564 2471 sublimia
576 2406 612 2471 et
622 2407 780 2483 terrena;
797 2400 955 2472 animata
968 2408 1004 2473 et
1017 2401 1192 2483 inanima,¹
1203 2403 1357 2473 clamant

277 2539 372 2610 clare
386 2547 421 2612 et
437 2540 642 2633 loquuntur,
659 2539 826 2634 quiddam
848 2563 954 2635 super
971 2563 1036 2612 nos
1053 2563 1145 2624 esse,
1166 2541 1260 2636 quod
1277 2541 1356 2612 haec

276 2686 349 2751 tam
372 2678 475 2762 mira,
498 2686 570 2750 tam
594 2700 738 2772 magna,
759 2687 833 2751 tam
858 2679 969 2750 multa
986 2679 1128 2762 crearit,
1149 2679 1271 2752 fecerit
1292 2706 1299 2751 :
1321 2688 1357 2751 et

275 2824 408 2901 creata,
425 2819 531 2900 facta,
550 2816 751 2888 etiamnunc
768 2816 901 2909 dirigat
916 2825 952 2890 et
969 2824 1166 2890 conservet.
1184 2817 1224 2888 ld
1238 2826 1355 2890 autem

274 2964 329 3029 est
348 2957 456 3028 Deus.
480 2954 578 3048 cujus
597 2978 744 3027 summae
766 2962 802 3027 et
823 2955 1090 3049 perfectissimae
1112 2963 1250 3026 naturae
1269 2955 1355 3026 nihil

273 3093 389 3185 magis
409 3093 584 3174 convenit,
606 3115 711 3186 quam
730 3100 769 3162 ut
786 3114 907 3162 curam
925 3091 1140 3185 tutelamque
1160 3094 1278 3187 operis
1297 3095 1351 3164 sui

255 3253 398 3323 ,gerere
415 3238 450 3302 et
467 3229 565 3311 velit,
586 3236 621 3300 et
640 3228 764 3322 possit.
786 3227 917 3305 Quidni
939 3236 1056 3299 autem
1074 3229 1181 3301 velitt
1200 3231 1353 3324 optimus

250 3377 339 3442 est.
362 3369 481 3464 quidni
504 3368 641 3463 possiti
659 3368 834 3440 maximus
859 3376 926 3440 est.
951 3369 1109 3463 adeoque
1127 3370 1222 3443 vires
1244 3370 1352 3443 nullm

272 3532 380 3604 supra
393 3509 520 3602 ipsum,
545 3513 607 3579 aut
620 3505 728 3578 nullae
742 3505 809 3577 nisi
823 3506 868 3577 ab
882 3505 972 3600 ipso.
990 3507 1065 3578 Nec
1079 3507 1259 3600 distringit
1273 3532 1352 3579 eum

271 3654 334 3718 aut
346 3645 491 3717 distinet
504 3644 710 3737 magnitudo
723 3642 940 3726 haecrerum
955 3645 1190 3717 autvarietas.
1208 3647 1352 3738 Spargit

250 3808 254 3815 ’
271 3787 364 3857 enim
378 3793 513 3855 aeterna
526 3783 655 3854 illalux
668 3806 807 3876 quoquo
820 3806 960 3854 versum
975 3805 1057 3854 suos
1075 3783 1214 3854 radios:
1233 3792 1268 3855 et
1283 3807 1350 3854 uno

271 3923 480 4016 eodemque,
503 3929 541 3992 nt
557 3920 607 3991 ita
625 3920 751 4001 dicam,
772 3921 843 3992 ictu
862 3921 936 3992 sive
949 3921 1043 3992 nictu
1062 3920 1160 3992 sinus
1176 3945 1297 3994 omnes
1316 3932 1351 3995 et

270 4063 420 4157 abyssos
437 4065 600 4152 penetrat
613 4057 705 4138 coeli,
723 4064 842 4138 terrae,
864 4057 985 4129 maris.
1006 4081 1070 4129 nec
1087 4067 1218 4152 praeest
1236 4061 1348 4132 solum

270 4198 437 4271 divinitas
455 4196 532 4267 haec
547 4195 651 4266 rebus
665 4193 839 4275 omnibus
857 4195 918 4264 sed
932 4194 1092 4279 interest,
1109 4196 1178 4270 imo
1193 4197 1295 4270 inest.
1357 4184 1361 4191 ¹
