3262 5190
723 496 846 558 -358
870 529 908 539 —

276 680 355 753 istis
372 703 450 752 eom
465 679 585 750 statim
599 678 720 771 exigit.
742 677 779 749 in
797 677 877 749 aliis
895 676 1025 758 differt,
1047 676 1108 747 sed
1126 698 1204 747 cum
1218 676 1353 747 foenore

277 815 494 888 solvendam.
516 814 605 892 Quee
628 813 685 885 hic
707 813 894 908 iniquitas?
913 812 992 883 Nisi
1013 819 1053 883 tu
1071 811 1135 882 Dei
1153 810 1264 882 vicem
1282 812 1352 883 for-

276 946 372 1010 tasse
390 937 548 1009 solicitus
563 959 613 1018 es,
629 943 664 1007 et
680 936 809 1007 metuis
827 958 871 1006 ne
889 934 971 1028 quid
991 934 1023 1005 ei
1044 941 1166 1028 pereat
1183 934 1353 1028 perhanc

275 1077 465 1170 benignam
489 1098 637 1148 moram.
658 1075 766 1168 Atqui
789 1097 934 1146 securus
952 1097 1003 1154 es,
1025 1073 1073 1143 mi
1090 1073 1195 1144 homo
1217 1099 1224 1144 :
1251 1097 1352 1145 nemo

276 1238 430 1309 unquam
447 1215 616 1308 decoquet
638 1236 765 1306 supero
791 1211 872 1282 huic
889 1212 1067 1284 creditori.
1090 1213 1130 1282 ln
1149 1212 1259 1283 oculis
1278 1212 1353 1305 ejus

277 1378 398 1426 omnes
420 1377 540 1425 sumus
563 1375 780 1447 quocumque
798 1350 965 1444 fugimus,
987 1351 1056 1422 imo
1074 1351 1110 1421 in
1130 1373 1238 1422 nervo
1257 1359 1292 1421 et
1317 1351 1353 1420 in

275 1491 411 1565 vinclis.

324 2125 394 2197 Sed
407 2123 545 2205 vellem,
562 2123 712 2218 inquies,
729 2128 920 2217 tyrannum
938 2122 1036 2193 illum
1057 2145 1149 2194 nunc
1167 2122 1296 2216 puniri,
1317 2133 1353 2193 et

274 2260 441 2354 praesenti
455 2260 552 2331 caede
565 2259 640 2352 ejus
654 2258 819 2331 satisfieri
838 2268 890 2331 tot
904 2259 1095 2353 oppressis.
1117 2259 1247 2330 clarior
1260 2258 1352 2330 enim

272 2400 324 2470 ita
349 2399 451 2470 nobis
477 2398 532 2469 dei
555 2398 714 2469 Justitie.
745 2398 884 2469 Glorior
898 2397 1062 2491 justitiet
1081 2397 1150 2469 imo
1168 2407 1249 2470 tuus
1268 2398 1352 2468 mihi

275 2544 411 2630 stupor.
440 2535 527 2613 Quis
551 2535 646 2607 enim
667 2542 706 2606 tu
728 2535 788 2606 ille
813 2558 851 2606 es
875 2535 934 2629 qui
958 2536 1033 2606 Deo
1051 2558 1122 2606 non
1141 2536 1186 2606 ad
1211 2558 1352 2629 poenam

274 2674 389 2746 solum
417 2697 569 2767 process,
599 2675 661 2745 sed
689 2675 763 2767 ejus
794 2675 901 2746 etiem
927 2682 1087 2767 tempore
1115 2674 1368 2778 praescribast'

275 2813 403 2884 Utrum
414 2813 568 2918 judicem
582 2836 660 2884 eum
679 2820 777 2884 tuum
791 2835 869 2884 esse
887 2835 1022 2892 censes,
1037 2834 1083 2882 an
1098 2811 1258 2884 lictorem
1272 2819 1351 2884 ten-

271 2956 359 3023 tum,
374 2958 409 3022 et
429 2951 696 3023 administrum?
719 2951 801 3033 Abi,
823 2951 903 3033 duc,
931 2951 1092 3032 verbera,
1114 2960 1219 3043 caput
1242 2951 1351 3022 obnu-

273 3089 360 3168 bito,
388 3089 507 3159 arbori
531 3088 661 3160 infelici
680 3090 897 3184 suspendite.
919 3089 930 3157 i
948 3112 970 3160 a
992 3089 1085 3159 enim
1111 3089 1195 3159 mihi
1221 3090 1347 3163 visum.

276 3224 356 3295 Heu
377 3225 645 3318 impudentiam!
676 3226 738 3297 sed
756 3227 830 3296 Deo
849 3225 952 3297 aliter
970 3226 1084 3297 visum
1107 3252 1114 3297 :
1139 3250 1241 3320 quem
1261 3228 1350 3300 scire

276 3360 383 3431 debes
401 3361 519 3456 paullo
547 3361 678 3433 clarius
702 3361 759 3433 hic
781 3385 937 3445 cernere,
959 3370 994 3434 et
1019 3364 1089 3434 elio
1112 3365 1263 3457 quodam
1280 3366 1350 3437 fine

274 3499 411 3591 punire.
433 3499 484 3570 Te
507 3500 604 3570 calor
627 3500 797 3592 exagitat,
819 3508 854 3572 et
873 3500 988 3572 aufert
1005 3501 1170 3572 vindictae
1188 3503 1350 3596 quaedsm

275 3638 413 3731 cupido.
435 3639 600 3732 aquibus
618 3638 677 3710 ille
697 3639 966 3721 remotissimus,
985 3640 1182 3733 exemplum
1201 3648 1347 3734 spectet,

275 3785 310 3846 et
328 3777 579 3853 correctionem
596 3776 758 3849 aliorum.
782 3778 855 3849 Scit
868 3786 986 3849 autem
1000 3779 1142 3871 optime,
1164 3779 1290 3872 quibus
1308 3804 1351 3850 ea

274 3914 373 3985 utilis
390 3937 471 3985 esse
482 3915 606 4007 possit,
627 3923 662 3986 et
680 3917 832 4010 quando,
