3262 5190
721 520 757 533 -
784 488 905 550 uo-

315 670 420 742 bello.
441 671 569 741 Nonne
585 670 642 739 hic
662 669 725 740 tibi
749 669 872 740 dolori
892 668 1005 740 dolor.
1032 668 1093 739 sed
1111 669 1230 740 varius
1250 676 1285 739 et
1305 668 1392 739 divi-

315 833 388 891 sus
416 809 445 879 si
468 808 611 902 inspicis
637 835 644 877 :
675 808 756 901 quia
783 807 886 879 simul
911 816 945 879 et
971 815 1005 879 te
1029 806 1144 901 luges
1166 814 1201 879 et
1225 807 1333 891 cives,
1358 815 1394 878 et

314 948 466 1043 patriam
496 947 622 1041 ipsam.
657 949 698 1019 ln
727 955 781 1032 te,
815 948 962 1032 damna;
1001 947 1037 1018 in
1068 947 1219 1030 civibus,
1254 945 1392 1017 varium

315 1109 435 1156 casum
449 1093 484 1157 et
497 1109 679 1172 occasum;
696 1087 731 1157 in
747 1087 863 1180 patria
876 1087 1140 1159 conversionem
1155 1085 1391 1158 eversionem·

316 1248 382 1317 que
408 1233 535 1297 status,
565 1223 658 1297 Alibi
685 1226 795 1297 habes
822 1226 913 1319 quod
939 1225 1082 1308 clames
1116 1231 1175 1295 Me
1201 1229 1394 1294 miserum!

317 1362 413 1444 alibi,

627 1555 688 1571 .....
712 1518 754 1571 tot
768 1514 847 1572 ciues
861 1516 923 1571 mei

484 1635 673 1695 Mandatum
687 1634 791 1694 hostili
800 1640 918 1712 pestem
933 1635 1036 1712 oppcti
1055 1635 1121 1693 istis
1143 1652 1254 1693 ciruitu.

202 1888 205 1895 .
318 1833 401 1905 alibi
416 1833 576 1926 denique,
601 1835 628 1902 0
638 1840 754 1919 pater,
771 1834 790 1899 ὀ
799 1835 945 1918 patrio!
959 1830 1008 1902 Ut
1022 1829 1081 1923 qui
1099 1828 1154 1900 his
1173 1852 1243 1900 non
1257 1852 1395 1901 movea-

317 1979 387 2053 tur,
405 1979 440 2043 et
454 1972 490 2041 in
508 1993 610 2065 quem
628 1991 760 2041 cuneus
773 1991 815 2040 ae
828 1969 989 2040 cumulus
1002 1968 1089 2038 nihil
1102 1967 1214 2060 possit
1228 1967 1393 2059 ingruen-

317 2112 404 2182 tium
417 2118 470 2183 tot
487 2111 660 2182 malorum
680 2133 687 2178 :
710 2113 771 2178 aut
783 2106 886 2177 vaide
904 2106 1034 2178 siceum
1048 2113 1083 2178 et
1101 2107 1296 2199 sapientem
1314 2130 1394 2177 eum

316 2273 394 2322 esse
408 2256 582 2343 oporteat,
603 2253 665 2318 aut
678 2245 780 2318 valde
795 2244 933 2363 durum.

744 2738 848 2811 cAP.
869 2739 969 2809 VIII.

318 2961 405 3022 Motu
422 2959 541 3036 publica
553 2961 737 3039 oppupnuto,
757 2958 810 3019 sed
828 2963 898 3019 onte
920 2959 1022 3020 omnia
1047 2963 1108 3019 tres
1122 2957 1261 3034 adfectus
1275 2958 1397 3020 coerciti

359 3082 518 3160 capuciis
546 3083 599 3142 Ιιαα
629 3079 734 3158 Capite
760 3078 920 3139 ambitiosa
945 3079 1083 3158 quodum
1111 3077 1279 3142 Simulatio
1301 3103 1309 3140 :
1335 3098 1395 3160 quc

359 3203 493 3263 homines
504 3201 591 3262 Μαῖα
603 3202 782 3281 propriant
797 3199 925 3263 Publica
941 3200 1056 3281 luponi.

369 3405 460 3483 Quid
491 3411 544 3475 est
575 3403 695 3497 Lipsir
724 3403 829 3474 satiu'
856 3409 895 3474 ut
924 3403 1151 3496 praevaricari
1178 3406 1394 3478 Constantine

319 3566 406 3614 meae
426 3543 559 3625 videor,
586 3550 620 3614 et
644 3565 804 3614 caussam
824 3542 938 3614 adhuc
958 3565 1064 3635 agere
1082 3543 1132 3614 tui
1151 3543 1283 3615 doloris
1291 3546 1305 3615 ‘i
1325 3545 1395 3617 Sed

318 3682 384 3754 seci
410 3682 503 3776 quod
531 3681 680 3752 animosi
706 3689 740 3752 et
766 3681 916 3752 fidentes
938 3683 1171 3775 Imperatores
1197 3709 1204 3753 :
1234 3683 1334 3754 elicui
1357 3684 1394 3754 in

319 3843 480 3913 campum
506 3828 541 3891 et
567 3820 602 3890 in
627 3819 738 3890 aciem
760 3842 882 3891 omnes
908 3829 988 3892 tuas
1009 3820 1142 3914 copias,
1165 3845 1243 3892 cum
1269 3824 1395 3916 quibus

319 3966 460 4029 strenue
479 3982 571 4029 nuuc
587 3958 786 4049 confligam.
810 3959 871 4029 sed
891 3959 1092 4032 velitatione
1110 3959 1260 4052 quadam
1280 3963 1391 4054 prius,

318 4097 444 4168 deinde
461 4104 583 4190 aperto
598 4098 715 4168 dieite
733 4106 768 4170 et
788 4099 880 4170 volut
894 4100 1030 4171 collatis
1049 4100 1172 4193 signis.
1196 4101 1291 4172 Inter
1309 4102 1393 4172 veli·

318 4219 461 4308 tandum
494 4244 622 4318 autem,
652 4244 723 4307 tres
750 4237 833 4308 mihi
855 4234 1024 4311 Adfectus
1046 4240 1159 4332 primo
1183 4240 1309 4333 pedato
1340 4240 1393 4325 (ut
