3262 5190
720 478 905 544 -238-

220 750 229 766 ·
279 663 536 744 Quadrifiuium
549 662 671 733 videor
689 684 794 754 posse
807 656 1079 740 reducere‚Fati
1093 656 1348 734 Mathematici,

274 803 473 884 Naturalis,
494 802 663 884 Violenti,
683 800 783 873 Veri.
805 800 894 878 Quae
920 798 1103 892 explicabo
1125 794 1291 876 breviter,
1319 805 1353 866 et

273 948 452 1034 tamquam
471 939 594 1034 pedem
614 938 650 1010 iu
675 940 824 1033 singulis
844 961 978 1033 poueus
1004 963 1012 1008 :
1039 936 1122 1030 quia
1147 936 1253 1028 vulgo
1273 958 1353 1006 ccu-

272 1079 365 1150 Iusio
384 1079 440 1150 hic
458 1086 494 1150 ct
509 1102 621 1150 error.

675 1322 780 1396 ΟΑΡ.
810 1325 947 1395 XVIII.

277 1535 473 1616 Yeieprima
492 1551 603 1616 peeera
623 1533 700 1595 Fati
720 1534 873 1614 replicate
894 1533 1035 1603 brevtter,
1061 1533 1196 1594 amatum
1215 1532 1353 1611 defluitis

394 1657 458 1718 siee
473 1655 647 1733 descriptio.
664 1653 762 1717 Stoici
778 1655 885 1717 leviter
896 1659 926 1718 et
939 1655 1068 1718 breviter
1081 1657 1226 1718 eeeasati.

323 1837 374 1907 Ac
388 1837 516 1908 Fatum
531 1835 820 1919 Mathematicum
831 1835 970 1929 quidem
981 1834 1109 1929 apelle,
1127 1835 1229 1913 Quoo
1248 1859 1353 1907 araur

272 2000 317 2048 ur
335 2000 460 2049 sacru
477 1998 836 2048 r1au1ruaucrrouus
852 1998 969 2048 ouuus
983 1998 1214 2054 uvaurusova
1227 1999 1274 2047 so
1288 1999 1352 2047 vus

274 2138 433 2188 siouauu
451 2103 502 2186 ¹ur
531 2138 735 2188 rouruauu
771 2138 996 2188 srauuuauu.
1034 2116 1098 2187 Cui
1129 2115 1287 2187 Chaldaei
1315 2122 1353 2187 et

273 2255 469 2348 Astrologi,
486 2255 590 2348 primi
604 2263 788 2327 auctores:
807 2255 968 2349 interque
981 2256 1209 2350 philosophos
1224 2256 1352 2328 fundus
1476 2252 1481 2265 ’

275 2404 311 2467 et
328 2396 559 2489 subscriptor,
587 2396 748 2467 sublimis
774 2396 833 2467 ille
856 2397 1055 2468 Mercurius
1073 2393 1118 2492 (¹),
1146 2396 1205 2490 qui
1228 2397 1352 2468 Provi-

275 2535 451 2618 dentiam,
480 2535 758 2617 Necessitatem,
793 2535 940 2617 Fatum,
975 2534 1152 2607 subtiliter
1172 2558 1239 2617 uec
1261 2558 1352 2606 vane

273 2697 420 2767 prorsus
445 2673 680 2766 distinguens,
706 2673 777 2745 ait:
799 2679 1029 2745 Providentia
1061 2686 1112 2745 est
1131 2681 1290 2763 perfecte
1319 2686 1352 2745 et

272 2814 430 2883 absoluta
447 2818 542 2883 ratio
559 2817 703 2883 caelestis
716 2817 782 2895 dei,
797 2818 856 2882 eui
875 2819 954 2883 duee
972 2823 1129 2903 cepnatee
1149 2819 1348 2900 facultates,

272 2955 470 3022 Necessitas
486 2960 519 3021 et
532 2957 675 3022 Fatum.
695 2956 743 3021 Et
764 2956 895 3020 Fatum
922 2956 1063 3038 quidem
1086 2953 1260 3022 subservit
1283 2956 1350 3020 eezi-

272 3093 468 3174 nistratque
494 3092 741 3168 Providentiae,
761 3093 917 3157 simulet
937 3093 1145 3159 Necessitati
1165 3121 1173 3158 ε
1200 3099 1236 3158 at
1261 3094 1351 3158 Feta
1426 3142 1429 3149 .

272 3230 352 3313 ipsi,
382 3228 605 3294 subserviunt
628 3232 746 3295 stellae.
773 3232 866 3297 Naue
894 3251 957 3296 uec
981 3232 1065 3296 Fati
1089 3232 1161 3296 aiae
1195 3233 1350 3316 effiepere

272 3366 458 3449 quisquam
473 3371 600 3450 potest,
626 3387 689 3433 uec
712 3387 837 3434 cauere
859 3367 964 3435 stote
988 3370 1024 3434 oi
1040 3374 1073 3435 et
1089 3370 1246 3454 potentia
1270 3375 1301 3434 st
1322 3371 1349 3435 t-

272 3504 403 3570 lerum.
428 3505 514 3570 Hcee
531 3505 636 3582 euius,
655 3508 724 3572 teta
749 3513 783 3572 et
803 3526 908 3572 erma
935 3509 1030 3585 Fati,
1063 3509 1163 3590 euius
1187 3507 1348 3584 arbitrie,

272 3647 396 3707 maneta
409 3642 562 3725 efficiunt
575 3649 608 3709 et
618 3645 812 3728 perficiunt
838 3646 987 3711 Naturae
1004 3650 1107 3728 etque
1124 3643 1347 3712 Houeiuibus.

273 3773 319 3843 Et
337 3773 372 3842 iu
391 3774 514 3845 eadem
533 3775 643 3847 stulta
664 3777 745 3848 navi
764 3777 868 3848 hodie
886 3777 1011 3872 (pudor
1028 3776 1219 3849 Christiani
1239 3778 1349 3848 uomi-

273 3910 364 4003 uisi)
382 3911 655 4007 Astrologorum
668 3917 741 3989 fere
756 3918 895 4011 vulgus,

304 4134 335 4193 (¹)
363 4130 460 4183 Platon
488 4133 650 4199 lui-meme,
669 4138 738 4188 dirus
761 4140 785 4188 te
810 4137 914 4201 Tiurte,
937 4141 1026 4203 parali
1055 4138 1172 4189 inclinor
1192 4118 1349 4188 verscetts

270 4234 393 4282 opuuon.
1102 4224 1105 4229 '
