3262 5190
792 462 974 524 -352-

341 640 437 710 illam
462 640 652 712 flammam.
675 642 769 712 Cedo
788 664 947 724 caussas,
969 642 1097 735 inquis.
1120 665 1182 713 cur
1200 643 1318 714 divina
1334 645 1421 715 ultio

341 780 405 851 hos
424 789 625 873 praetereat,
644 781 723 853 illos
741 789 877 874 tangat.

390 1239 568 1310 Caussasi
600 1239 776 1310 tutissime
801 1239 928 1322 dicam,
960 1263 1015 1310 me
1041 1240 1188 1312 nescire.
1219 1242 1300 1312 Non
1326 1243 1420 1313 enim

340 1377 444 1469 caepit
462 1400 516 1447 me
537 1400 690 1471 unquam
712 1378 866 1449 coelestis
885 1379 947 1449 illa
966 1378 1076 1461 curia,
1099 1402 1163 1450 nec
1180 1401 1248 1471 ego
1268 1379 1342 1473 ejus
1361 1382 1420 1452 de-

339 1521 448 1586 creta.
467 1516 545 1585 Hoc
565 1522 704 1586 tantum
726 1516 812 1597 scio,
834 1538 997 1587 caussam
1020 1523 1102 1587 ante
1129 1539 1250 1589 omnes
1273 1540 1418 1590 caussas

339 1685 429 1744 esse,
446 1662 662 1733 voluntatem
681 1661 749 1732 dei.
778 1661 896 1754 Aqua
916 1662 974 1755 qui
1001 1663 1129 1755 quaerit
1153 1663 1272 1745 aliam,
1295 1664 1366 1734 vim
1383 1672 1419 1736 et

338 1801 529 1894 potentiam
554 1801 695 1893 ignorat
719 1809 858 1872 naturae
877 1801 1019 1873 divinae.
1048 1804 1141 1873 Nam
1159 1825 1322 1873 caussam
1344 1825 1418 1873 om·

341 1964 420 2012 nem
439 1963 621 2011 necessum
648 1948 714 2022 est,
739 1963 869 2033 genere
889 1942 1053 2034 quodam,
1078 1940 1231 2033 priorem
1257 1948 1291 2011 et
1310 1940 1418 2034 majo-

340 2108 413 2155 rem
440 2108 517 2155 esse
544 2106 607 2154 suo
635 2085 759 2155 effectu
788 2110 795 2155 :
826 2090 863 2155 at
885 2083 950 2154 deo
969 2091 1004 2154 et
1030 2083 1104 2175 ejus
1125 2083 1306 2154 voluntate
1331 2082 1419 2153 nihil

340 2225 437 2318 prius
451 2230 512 2294 aut
530 2222 654 2315 majus
677 2246 747 2293 non
765 2245 850 2316 ergo
871 2223 943 2293 ulla
960 2223 1034 2316 ejus
1049 2245 1189 2294 caussa.
1212 2223 1311 2294 Deus
1324 2245 1417 2316 pree-

340 2362 448 2442 teriit,
470 2363 567 2434 Deus
586 2362 715 2452 tetigit.
734 2362 817 2455 quid
830 2361 924 2432 ultra
942 2360 999 2431 hic
1016 2361 1093 2432 vis?
1114 2365 1260 2433 Scotusa
1273 2366 1417 2450 justitia

340 2509 403 2580 est,
422 2506 459 2570 ut
474 2506 567 2569 recte
582 2506 616 2570 et
630 2499 687 2592 pie
703 2500 890 2571 Salvianus
906 2502 968 2581 ait,
990 2507 1150 2571 voluntas
1164 2508 1241 2573 Dei.

388 2639 521 2708 Tamen
553 2638 724 2709 rationem
751 2638 905 2732 aliquam
936 2639 1040 2733 hujus
1070 2641 1284 2733 imparitatis
1306 2641 1416 2732 exigi-

340 2800 430 2860 mus,
458 2778 632 2871 inquiunt.
659 2779 691 2849 A
715 2781 806 2873 quot
833 2783 855 2849 a
881 2780 1027 2850 Deonet
1053 2780 1108 2850 cui
1135 2781 1195 2850 uni
1220 2779 1303 2851 licet
1324 2781 1417 2873 quod

337 2916 424 2987 libet
444 2942 450 2986 :
474 2925 508 2988 et
526 2916 613 2987 nihil
630 2917 729 2999 libet,
746 2918 813 2989 nisi
829 2918 921 3012 quod
939 2919 1034 2990 licet.
1059 2919 1097 2989 Si
1121 2940 1243 2989 servus
1262 2922 1284 2988 a
1300 2925 1417 3010 patre·

340 3055 505 3137 familias
527 3056 687 3126 subditus
706 3060 728 3125 a
747 3057 912 3150 Principe
931 3057 1086 3128 rationes
1101 3058 1237 3149 exigat;
1258 3057 1318 3127 ille
1335 3080 1418 3127 con·

340 3192 519 3262 tumeliam
549 3200 659 3285 putet,
701 3194 758 3264 hic
796 3195 1023 3266 rebellionem
1061 3223 1067 3266 :
1104 3196 1167 3267 tibi
1198 3196 1278 3289 plus
1309 3195 1416 3266 animi

340 3329 510 3400 adversus
529 3330 632 3400 deum
652 3333 725 3403 esti
744 3331 867 3425 Apage
886 3341 921 3404 te
938 3356 1106 3426 perversa
1126 3334 1326 3404 curiositas,
1348 3356 1417 3402 non

340 3476 445 3540 aliter
468 3475 541 3540 lucc
564 3476 657 3541 ratio
686 3482 834 3551 constat,
861 3495 968 3559 quam
993 3478 1026 3541 si
1050 3477 1139 3540 nulli
1164 3476 1348 3542 reddatur.
1371 3471 1417 3541 Et

340 3618 457 3681 tamen
475 3632 552 3680 cum
570 3609 689 3680 omnia
705 3609 852 3709 feceris;
870 3633 939 3679 non
954 3610 1093 3681 evolvas
1108 3616 1142 3679 te
1161 3609 1231 3680 tuis
1245 3608 1413 3690 tenebris,

340 3772 404 3819 nec
422 3749 466 3818 ad
492 3747 640 3818 consilia
663 3747 724 3817 illa
746 3754 780 3818 et
800 3749 961 3820 consulta
979 3773 1061 3821 vere
1075 3741 1201 3821 Tacita
1219 3749 1412 3843 pertinges.

342 3885 493 3978 Egregie
511 3885 701 3978 Sophocles
720 3912 726 3956 :

542 4071 615 4128 tut·
629 4074 660 4129 οὖ
674 4065 726 4151 γὰρ’
740 4074 769 4129 ἂν
784 4078 817 4130 τὰ
832 4078 898 4147 θεῖα,
912 4079 1080 4154 κρυπτὸντων
1095 4079 1170 4139 θεῶν,

541 4193 640 4255 tiator<
656 4193 696 4261 ἂν,
714 4191 760 4250 οὐδ
775 4196 796 4250 εἰ
811 4195 885 4251 πάντ’
901 4189 1044 4260 ἐπεξέλθοις
1060 4202 1176 4254 σκοπῶν.
