<?xml version="1.0" encoding="UTF-8"?>
<!DOCTYPE html PUBLIC "-//W3C//DTD XHTML 1.0 Transitional//EN"
    "http://www.w3.org/TR/xhtml1/DTD/xhtml1-transitional.dtd">
<html xmlns="http://www.w3.org/1999/xhtml" xml:lang="en" lang="en">
 <head>
  <title>
</title>
<meta http-equiv="Content-Type" content="text/html;charset=utf-8" />
  <meta name='ocr-system' content='tesseract 3.04.00' />
  <meta name='ocr-capabilities' content='ocr_page ocr_carea ocr_par ocr_line ocrx_word'/>
</head>
<body>
  <div class='ocr_page' id='page_1' title='image "./traitdelaconsta00boisgoog_0239.png"; bbox 0 0 3262 5190; ppageno 0'>
   <div class='ocr_carea' id='block_1_1' title="bbox 722 454 906 517">
    <p class='ocr_par' dir='ltr' id='par_1_1' title="bbox 722 454 906 517">
     <span class='ocr_line' id='line_1_1' title="bbox 722 454 906 517; baseline 0 -1"><span class='ocrx_word' id='word_1_1' title='bbox 722 454 906 517; x_wconf 46' lang='grc'><strong>434-</strong></span> 
     </span>
    </p>
   </div>
   <div class='ocr_carea' id='block_1_2' title="bbox 272 632 1353 844">
    <p class='ocr_par' dir='ltr' id='par_1_2' title="bbox 272 632 1353 844">
     <span class='ocr_line' id='line_1_2' title="bbox 272 632 1353 727; baseline 0 -21"><span class='ocrx_word' id='word_1_2' title='bbox 272 635 309 706; x_wconf 89' lang='lat' dir='ltr'><strong>in</strong></span> <span class='ocrx_word' id='word_1_3' title='bbox 328 634 433 705; x_wconf 89' lang='lat' dir='ltr'><strong>rebus</strong></span> <span class='ocrx_word' id='word_1_4' title='bbox 452 655 543 714; x_wconf 82' lang='lat' dir='ltr'><strong>esse,</strong></span> <span class='ocrx_word' id='word_1_5' title='bbox 573 656 642 703; x_wconf 92' lang='lat' dir='ltr'><strong>non</strong></span> <span class='ocrx_word' id='word_1_6' title='bbox 668 641 706 703; x_wconf 88' lang='lat' dir='ltr'><strong>tu</strong></span> <span class='ocrx_word' id='word_1_7' title='bbox 733 632 844 727; x_wconf 85' lang='lat' dir='ltr'><strong>Lipsi,</strong></span> <span class='ocrx_word' id='word_1_8' title='bbox 864 640 903 704; x_wconf 92' lang='lat' dir='ltr'><strong>ut</strong></span> <span class='ocrx_word' id='word_1_9' title='bbox 928 632 1067 727; x_wconf 85' lang='lat' dir='ltr'>opinor,</span> <span class='ocrx_word' id='word_1_10' title='bbox 1092 656 1160 704; x_wconf 90' lang='lat' dir='ltr'><strong>uon</strong></span> <span class='ocrx_word' id='word_1_11' title='bbox 1186 657 1273 727; x_wconf 85' lang='lat' dir='ltr'><strong>gens</strong></span> <span class='ocrx_word' id='word_1_12' title='bbox 1292 642 1353 706; x_wconf 86' lang='lat' dir='ltr'><strong>aut</strong></span> 
     </span>
     <span class='ocr_line' id='line_1_3' title="bbox 274 771 656 844; baseline -0.005 0"><span class='ocrx_word' id='word_1_13' title='bbox 274 781 363 844; x_wconf 84' lang='lat' dir='ltr'><strong>oetas</strong></span> <span class='ocrx_word' id='word_1_14' title='bbox 382 772 455 843; x_wconf 90' lang='lat' dir='ltr'><strong>ulla</strong></span> <span class='ocrx_word' id='word_1_15' title='bbox 469 771 656 842; x_wconf 85' lang='lat' dir='ltr'><strong>dubitavit.</strong></span> 
     </span>
    </p>
   </div>
   <div class='ocr_carea' id='block_1_3' title="bbox 274 1008 1353 1786">
    <p class='ocr_par' dir='ltr' id='par_1_3' title="bbox 274 1008 1353 1786">
     <span class='ocr_line' id='line_1_4' title="bbox 325 1008 1352 1103; baseline -0.002 -23"><span class='ocrx_word' id='word_1_16' title='bbox 325 1010 402 1102; x_wconf 78' lang='lat' dir='ltr'><strong>Ego</strong></span> <span class='ocrx_word' id='word_1_17' title='bbox 420 1008 664 1102; x_wconf 87' lang='lat' dir='ltr'><strong>interpellans,</strong></span> <span class='ocrx_word' id='word_1_18' title='bbox 686 1009 848 1101; x_wconf 81' lang='lat' dir='ltr'><strong>Ignosce,</strong></span> <span class='ocrx_word' id='word_1_19' title='bbox 870 1008 1025 1103; x_wconf 80' lang='lat' dir='ltr'><strong>inquam,</strong></span> <span class='ocrx_word' id='word_1_20' title='bbox 1041 1009 1070 1079; x_wconf 90' lang='lat' dir='ltr'><strong>si</strong></span> <span class='ocrx_word' id='word_1_21' title='bbox 1085 1033 1159 1079; x_wconf 89' lang='lat' dir='ltr'><strong>rem</strong></span> <span class='ocrx_word' id='word_1_22' title='bbox 1178 1009 1271 1102; x_wconf 82' lang='lat' dir='ltr'>eligo</span> <span class='ocrx_word' id='word_1_23' title='bbox 1289 1009 1352 1080; x_wconf 94' lang='lat' dir='ltr'><strong>tibi</strong></span> 
     </span>
     <span class='ocr_line' id='line_1_5' title="bbox 274 1146 1353 1243; baseline -0.001 -24"><span class='ocrx_word' id='word_1_24' title='bbox 274 1148 422 1241; x_wconf 88' lang='lat' dir='ltr'><strong>objicior</strong></span> <span class='ocrx_word' id='word_1_25' title='bbox 440 1148 476 1218; x_wconf 90' lang='lat' dir='ltr'><strong>iu</strong></span> <span class='ocrx_word' id='word_1_26' title='bbox 493 1148 561 1219; x_wconf 94' lang='lat' dir='ltr'><strong>hoc</strong></span> <span class='ocrx_word' id='word_1_27' title='bbox 586 1170 704 1220; x_wconf 88' lang='lat' dir='ltr'><strong>cursu.</strong></span> <span class='ocrx_word' id='word_1_28' title='bbox 734 1149 827 1219; x_wconf 85' lang='lat' dir='ltr'><strong>Fata</strong></span> <span class='ocrx_word' id='word_1_29' title='bbox 850 1146 936 1219; x_wconf 92' lang='lat' dir='ltr'><strong>mihi</strong></span> <span class='ocrx_word' id='word_1_30' title='bbox 961 1148 1130 1243; x_wconf 75' lang='lat' dir='ltr'><strong>opponisi</strong></span> <span class='ocrx_word' id='word_1_31' title='bbox 1150 1148 1278 1219; x_wconf 85' lang='lat' dir='ltr'><strong>Futiiis</strong></span> <span class='ocrx_word' id='word_1_32' title='bbox 1296 1148 1353 1218; x_wconf 84' lang='lat' dir='ltr'><strong>hic</strong></span> 
     </span>
     <span class='ocr_line' id='line_1_6' title="bbox 275 1286 1352 1383; baseline -0.003 -24"><span class='ocrx_word' id='word_1_33' title='bbox 275 1288 381 1369; x_wconf 72' lang='lat' dir='ltr'><strong>aries</strong></span> <span class='ocrx_word' id='word_1_34' title='bbox 404 1287 532 1379; x_wconf 82' lang='lat' dir='ltr'><strong>Langi,</strong></span> <span class='ocrx_word' id='word_1_35' title='bbox 554 1293 589 1358; x_wconf 88' lang='lat' dir='ltr'><strong>et</strong></span> <span class='ocrx_word' id='word_1_36' title='bbox 603 1287 661 1381; x_wconf 93' lang='lat' dir='ltr'><strong>qui</strong></span> <span class='ocrx_word' id='word_1_37' title='bbox 681 1287 881 1383; x_wconf 86' lang='lat' dir='ltr'><strong>Stoicorum</strong></span> <span class='ocrx_word' id='word_1_38' title='bbox 897 1286 1016 1358; x_wconf 88' lang='lat' dir='ltr'><strong>nervis</strong></span> <span class='ocrx_word' id='word_1_39' title='bbox 1039 1286 1204 1379; x_wconf 79' lang='lat' dir='ltr'><strong>dirigitur</strong></span> <span class='ocrx_word' id='word_1_40' title='bbox 1228 1309 1352 1380; x_wconf 87' lang='lat' dir='ltr'><strong>parum</strong></span> 
     </span>
     <span class='ocr_line' id='line_1_7' title="bbox 274 1424 1352 1518; baseline -0.003 -21"><span class='ocrx_word' id='word_1_41' title='bbox 274 1426 398 1497; x_wconf 88' lang='lat' dir='ltr'><strong>firmis.</strong></span> <span class='ocrx_word' id='word_1_42' title='bbox 416 1426 543 1496; x_wconf 89' lang='lat' dir='ltr'><strong>Libere</strong></span> <span class='ocrx_word' id='word_1_43' title='bbox 557 1425 647 1507; x_wconf 85' lang='lat' dir='ltr'><strong>dico,</strong></span> <span class='ocrx_word' id='word_1_44' title='bbox 661 1432 696 1496; x_wconf 83' lang='lat' dir='ltr'><strong>et</strong></span> <span class='ocrx_word' id='word_1_45' title='bbox 709 1424 771 1495; x_wconf 89' lang='lat' dir='ltr'><strong>illa</strong></span> <span class='ocrx_word' id='word_1_46' title='bbox 778 1446 844 1516; x_wconf 82' lang='lat' dir='ltr'><strong>ego</strong></span> <span class='ocrx_word' id='word_1_47' title='bbox 854 1447 995 1518; x_wconf 86' lang='lat' dir='ltr'><strong>sperno,</strong></span> <span class='ocrx_word' id='word_1_48' title='bbox 1009 1432 1045 1495; x_wconf 87' lang='lat' dir='ltr'><strong>et</strong></span> <span class='ocrx_word' id='word_1_49' title='bbox 1058 1426 1192 1496; x_wconf 81' lang='lat' dir='ltr'><strong>Parcas</strong></span> <span class='ocrx_word' id='word_1_50' title='bbox 1206 1430 1352 1495; x_wconf 82' lang='lat' dir='ltr'><strong>:etcum</strong></span> 
     </span>
     <span class='ocr_line' id='line_1_8' title="bbox 276 1562 1353 1656; baseline -0.006 -18"><span class='ocrx_word' id='word_1_51' title='bbox 276 1564 442 1638; x_wconf 87' lang='lat' dir='ltr'><strong>Plautino</strong></span> <span class='ocrx_word' id='word_1_52' title='bbox 456 1563 580 1645; x_wconf 83' lang='lat' dir='ltr'><strong>milite,</strong></span> <span class='ocrx_word' id='word_1_53' title='bbox 600 1570 713 1634; x_wconf 86' lang='lat' dir='ltr'><strong>totum</strong></span> <span class='ocrx_word' id='word_1_54' title='bbox 731 1562 798 1635; x_wconf 93' lang='lat' dir='ltr'><strong>hoc</strong></span> <span class='ocrx_word' id='word_1_55' title='bbox 815 1564 909 1634; x_wconf 88' lang='lat' dir='ltr'><strong>anile</strong></span> <span class='ocrx_word' id='word_1_56' title='bbox 922 1586 1051 1655; x_wconf 82' lang='lat' dir='ltr'><strong>agmen</strong></span> <span class='ocrx_word' id='word_1_57' title='bbox 1064 1586 1134 1633; x_wconf 90' lang='lat' dir='ltr'><strong>uno</strong></span> <span class='ocrx_word' id='word_1_58' title='bbox 1149 1563 1275 1656; x_wconf 86' lang='lat' dir='ltr'><strong>spiritu</strong></span> <span class='ocrx_word' id='word_1_59' title='bbox 1290 1562 1353 1632; x_wconf 84' lang='lat' dir='ltr'><strong>dif-</strong></span> 
     </span>
     <span class='ocr_line' id='line_1_9' title="bbox 274 1703 770 1786; baseline 0 -11"><span class='ocrx_word' id='word_1_60' title='bbox 274 1705 453 1786; x_wconf 83' lang='lat' dir='ltr'><strong>flaverim,</strong></span> <span class='ocrx_word' id='word_1_61' title='bbox 475 1712 513 1776; x_wconf 90' lang='lat' dir='ltr'><strong>ut</strong></span> <span class='ocrx_word' id='word_1_62' title='bbox 529 1703 615 1775; x_wconf 87' lang='lat' dir='ltr'><strong>folia</strong></span> <span class='ocrx_word' id='word_1_63' title='bbox 631 1710 770 1775; x_wconf 77' lang='lat' dir='ltr'><strong>ventus</strong></span> 
     </span>
    </p>
   </div>
   <div class='ocr_carea' id='block_1_4' title="bbox 272 2088 1398 3569">
    <p class='ocr_par' dir='ltr' id='par_1_4' title="bbox 272 2088 1398 3569">
     <span class='ocr_line' id='line_1_10' title="bbox 324 2088 1353 2183; baseline -0.001 -23"><span class='ocrx_word' id='word_1_64' title='bbox 324 2089 483 2183; x_wconf 78' lang='lat' dir='ltr'><strong>Longius</strong></span> <span class='ocrx_word' id='word_1_65' title='bbox 501 2112 623 2160; x_wconf 88' lang='lat' dir='ltr'><strong>severo</strong></span> <span class='ocrx_word' id='word_1_66' title='bbox 643 2096 748 2183; x_wconf 85' lang='lat' dir='ltr'><strong>atque</strong></span> <span class='ocrx_word' id='word_1_67' title='bbox 766 2089 855 2160; x_wconf 88' lang='lat' dir='ltr'><strong>adeo</strong></span> <span class='ocrx_word' id='word_1_68' title='bbox 869 2088 1005 2161; x_wconf 85' lang='lat' dir='ltr'><strong>minace</strong></span> <span class='ocrx_word' id='word_1_69' title='bbox 1019 2089 1133 2171; x_wconf 80' lang='lat' dir='ltr'><strong>oculo,</strong></span> <span class='ocrx_word' id='word_1_70' title='bbox 1150 2088 1353 2160; x_wconf 82' lang='lat' dir='ltr'><strong>Temeraria</strong></span> 
     </span>
     <span class='ocr_line' id='line_1_11' title="bbox 273 2226 1352 2321; baseline -0.002 -22"><span class='ocrx_word' id='word_1_71' title='bbox 273 2236 309 2299; x_wconf 87' lang='lat' dir='ltr'><strong>et</strong></span> <span class='ocrx_word' id='word_1_72' title='bbox 338 2228 574 2321; x_wconf 87' lang='lat' dir='ltr'><strong>inconspecte,</strong></span> <span class='ocrx_word' id='word_1_73' title='bbox 602 2227 727 2320; x_wconf 85' lang='lat' dir='ltr'><strong>inquit,</strong></span> <span class='ocrx_word' id='word_1_74' title='bbox 756 2227 831 2297; x_wconf 84' lang='lat' dir='ltr'><strong>fata</strong></span> <span class='ocrx_word' id='word_1_75' title='bbox 858 2233 897 2297; x_wconf 93' lang='lat' dir='ltr'><strong>tu</strong></span> <span class='ocrx_word' id='word_1_76' title='bbox 922 2226 1035 2298; x_wconf 78' lang='lat' dir='ltr'><strong>eludis</strong></span> <span class='ocrx_word' id='word_1_77' title='bbox 1060 2234 1121 2298; x_wconf 88' lang='lat' dir='ltr'><strong>aut</strong></span> <span class='ocrx_word' id='word_1_78' title='bbox 1144 2227 1263 2299; x_wconf 79' lang='lat' dir='ltr'><strong>tollist</strong></span> <span class='ocrx_word' id='word_1_79' title='bbox 1282 2250 1352 2298; x_wconf 93' lang='lat' dir='ltr'><strong>non</strong></span> 
     </span>
     <span class='ocr_line' id='line_1_12' title="bbox 272 2362 1349 2458; baseline 0 -22"><span class='ocrx_word' id='word_1_80' title='bbox 272 2373 373 2458; x_wconf 83' lang='lat' dir='ltr'><strong>potes</strong></span> <span class='ocrx_word' id='word_1_81' title='bbox 396 2389 403 2434; x_wconf 93' lang='lat'>:</span> <span class='ocrx_word' id='word_1_82' title='bbox 427 2366 494 2436; x_wconf 90' lang='lat' dir='ltr'><strong>nisi</strong></span> <span class='ocrx_word' id='word_1_83' title='bbox 513 2369 584 2436; x_wconf 73' lang='lat' dir='ltr'><strong>uua</strong></span> <span class='ocrx_word' id='word_1_84' title='bbox 600 2363 671 2435; x_wconf 83' lang='lat' dir='ltr'><strong>vim</strong></span> <span class='ocrx_word' id='word_1_85' title='bbox 689 2386 827 2435; x_wconf 91' lang='lat' dir='ltr'><strong>omnem</strong></span> <span class='ocrx_word' id='word_1_86' title='bbox 845 2362 941 2434; x_wconf 90' lang='lat' dir='ltr'><strong>tollis</strong></span> <span class='ocrx_word' id='word_1_87' title='bbox 964 2378 1161 2458; x_wconf 87' lang='lat' dir='ltr'><strong>numenque</strong></span> <span class='ocrx_word' id='word_1_88' title='bbox 1179 2364 1349 2436; x_wconf 90' lang='lat' dir='ltr'><strong>divinum.</strong></span> 
     </span>
     <span class='ocr_line' id='line_1_13' title="bbox 274 2503 1352 2587; baseline -0.001 -11"><span class='ocrx_word' id='word_1_89' title='bbox 274 2505 312 2576; x_wconf 84' lang='lat' dir='ltr'><strong>Si</strong></span> <span class='ocrx_word' id='word_1_90' title='bbox 329 2504 422 2575; x_wconf 90' lang='lat' dir='ltr'><strong>enim</strong></span> <span class='ocrx_word' id='word_1_91' title='bbox 437 2504 524 2576; x_wconf 88' lang='lat' dir='ltr'><strong>deus</strong></span> <span class='ocrx_word' id='word_1_92' title='bbox 542 2511 609 2586; x_wconf 85' lang='lat' dir='ltr'><strong>est,</strong></span> <span class='ocrx_word' id='word_1_93' title='bbox 632 2503 862 2576; x_wconf 85' lang='lat' dir='ltr'><strong>Providentia</strong></span> <span class='ocrx_word' id='word_1_94' title='bbox 879 2512 933 2575; x_wconf 90' lang='lat' dir='ltr'><strong>est</strong></span> <span class='ocrx_word' id='word_1_95' title='bbox 964 2527 972 2573; x_wconf 92' lang='lat'>:</span> <span class='ocrx_word' id='word_1_96' title='bbox 996 2504 1026 2574; x_wconf 91' lang='lat' dir='ltr'><strong>si</strong></span> <span class='ocrx_word' id='word_1_97' title='bbox 1050 2504 1141 2587; x_wconf 85' lang='lat' dir='ltr'><strong>haec,</strong></span> <span class='ocrx_word' id='word_1_98' title='bbox 1164 2506 1352 2576; x_wconf 81' lang='lat' dir='ltr'><strong>Decretum</strong></span> 
     </span>
     <span class='ocr_line' id='line_1_14' title="bbox 273 2641 1352 2724; baseline 0 -12"><span class='ocrx_word' id='word_1_99' title='bbox 273 2649 308 2712; x_wconf 89' lang='lat' dir='ltr'><strong>et</strong></span> <span class='ocrx_word' id='word_1_100' title='bbox 322 2641 409 2713; x_wconf 92' lang='lat' dir='ltr'><strong>ordo</strong></span> <span class='ocrx_word' id='word_1_101' title='bbox 427 2665 546 2713; x_wconf 88' lang='lat' dir='ltr'><strong>rerum</strong></span> <span class='ocrx_word' id='word_1_102' title='bbox 568 2665 575 2710; x_wconf 93' lang='lat'>:</span> <span class='ocrx_word' id='word_1_103' title='bbox 598 2641 628 2712; x_wconf 93' lang='lat' dir='ltr'><strong>si</strong></span> <span class='ocrx_word' id='word_1_104' title='bbox 644 2641 752 2724; x_wconf 89' lang='lat' dir='ltr'><strong>istud,</strong></span> <span class='ocrx_word' id='word_1_105' title='bbox 769 2641 876 2715; x_wconf 73' lang='lat' dir='ltr'><strong>firma,</strong></span> <span class='ocrx_word' id='word_1_106' title='bbox 890 2649 926 2713; x_wconf 86' lang='lat' dir='ltr'><strong>et</strong></span> <span class='ocrx_word' id='word_1_107' title='bbox 940 2649 1019 2713; x_wconf 89' lang='lat' dir='ltr'><strong>rata</strong></span> <span class='ocrx_word' id='word_1_108' title='bbox 1033 2643 1238 2715; x_wconf 87' lang='lat' dir='ltr'><strong>Necessitas</strong></span> <span class='ocrx_word' id='word_1_109' title='bbox 1251 2666 1352 2714; x_wconf 87' lang='lat' dir='ltr'><strong>even-</strong></span> 
     </span>
     <span class='ocr_line' id='line_1_15' title="bbox 272 2781 1351 2882; baseline -0.003 -29"><span class='ocrx_word' id='word_1_110' title='bbox 272 2789 401 2853; x_wconf 85' lang='lat' dir='ltr'><strong>torum.</strong></span> <span class='ocrx_word' id='word_1_111' title='bbox 436 2781 620 2860; x_wconf 84' lang='lat' dir='ltr'><strong>Quomodo</strong></span> <span class='ocrx_word' id='word_1_112' title='bbox 651 2781 727 2853; x_wconf 80' lang='lat' dir='ltr'><strong>exis</strong></span> <span class='ocrx_word' id='word_1_113' title='bbox 757 2782 851 2882; x_wconf 72' lang='lat' dir='ltr'><strong>nunc</strong></span> <span class='ocrx_word' id='word_1_114' title='bbox 880 2782 1008 2857; x_wconf 70' lang='lat' dir='ltr'><strong>ictum?</strong></span> <span class='ocrx_word' id='word_1_115' title='bbox 1043 2789 1105 2853; x_wconf 86' lang='lat' dir='ltr'><strong>aut</strong></span> <span class='ocrx_word' id='word_1_116' title='bbox 1139 2785 1209 2875; x_wconf 76' lang='lat' dir='ltr'><strong>qua</strong></span> <span class='ocrx_word' id='word_1_117' title='bbox 1238 2781 1351 2853; x_wconf 90' lang='lat' dir='ltr'><strong>securi</strong></span> 
     </span>
     <span class='ocr_line' id='line_1_16' title="bbox 273 2918 1352 2997; baseline -0.001 -7"><span class='ocrx_word' id='word_1_118' title='bbox 273 2919 406 2990; x_wconf 85' lang='lat' dir='ltr'><strong>scindis</strong></span> <span class='ocrx_word' id='word_1_119' title='bbox 424 2919 516 2990; x_wconf 88' lang='lat' dir='ltr'><strong>hauc</strong></span> <span class='ocrx_word' id='word_1_120' title='bbox 530 2918 739 2997; x_wconf 80' lang='lat' dir='ltr'><strong>cathenami</strong></span> <span class='ocrx_word' id='word_1_121' title='bbox 759 2920 873 2991; x_wconf 90' lang='lat' dir='ltr'><strong>Deum</strong></span> <span class='ocrx_word' id='word_1_122' title='bbox 890 2919 1039 2990; x_wconf 89' lang='lat' dir='ltr'><strong>enimet</strong></span> <span class='ocrx_word' id='word_1_123' title='bbox 1064 2927 1236 2991; x_wconf 88' lang='lat' dir='ltr'><strong>aeternam</strong></span> <span class='ocrx_word' id='word_1_124' title='bbox 1255 2919 1352 2991; x_wconf 88' lang='lat' dir='ltr'><strong>illam</strong></span> 
     </span>
     <span class='ocr_line' id='line_1_17' title="bbox 275 3056 1353 3151; baseline 0.004 -25"><span class='ocrx_word' id='word_1_125' title='bbox 275 3066 440 3136; x_wconf 82' lang='lat' dir='ltr'><strong>mentem,</strong></span> <span class='ocrx_word' id='word_1_126' title='bbox 454 3080 523 3126; x_wconf 92' lang='lat' dir='ltr'><strong>non</strong></span> <span class='ocrx_word' id='word_1_127' title='bbox 542 3056 645 3127; x_wconf 88' lang='lat' dir='ltr'><strong>aliter</strong></span> <span class='ocrx_word' id='word_1_128' title='bbox 659 3057 817 3148; x_wconf 81' lang='lat' dir='ltr'><strong>cogitare</strong></span> <span class='ocrx_word' id='word_1_129' title='bbox 831 3057 933 3128; x_wconf 92' lang='lat' dir='ltr'><strong>nobis</strong></span> <span class='ocrx_word' id='word_1_130' title='bbox 949 3058 1017 3140; x_wconf 73' lang='lat' dir='ltr'><strong>ias</strong></span> <span class='ocrx_word' id='word_1_131' title='bbox 1035 3081 1139 3151; x_wconf 85' lang='lat' dir='ltr'><strong>quam</strong></span> <span class='ocrx_word' id='word_1_132' title='bbox 1153 3066 1191 3130; x_wconf 83' lang='lat' dir='ltr'><strong>ut</strong></span> <span class='ocrx_word' id='word_1_133' title='bbox 1205 3059 1353 3131; x_wconf 87' lang='lat' dir='ltr'><strong>scientia</strong></span> 
     </span>
     <span class='ocr_line' id='line_1_18' title="bbox 274 3194 1347 3292; baseline 0.004 -26"><span class='ocrx_word' id='word_1_134' title='bbox 274 3203 310 3266; x_wconf 88' lang='lat' dir='ltr'><strong>et</strong></span> <span class='ocrx_word' id='word_1_135' title='bbox 333 3195 499 3289; x_wconf 81' lang='lat' dir='ltr'><strong>praevisio</strong></span> <span class='ocrx_word' id='word_1_136' title='bbox 529 3194 566 3264; x_wconf 93' lang='lat' dir='ltr'><strong>in</strong></span> <span class='ocrx_word' id='word_1_137' title='bbox 600 3218 640 3266; x_wconf 84' lang='lat' dir='ltr'><strong>eo</strong></span> <span class='ocrx_word' id='word_1_138' title='bbox 672 3196 742 3266; x_wconf 88' lang='lat' dir='ltr'><strong>sint</strong></span> <span class='ocrx_word' id='word_1_139' title='bbox 768 3204 926 3268; x_wconf 85' lang='lat' dir='ltr'><strong>aeternae.</strong></span> <span class='ocrx_word' id='word_1_140' title='bbox 959 3198 1197 3292; x_wconf 87' lang='lat' dir='ltr'><strong>Eumdemque</strong></span> <span class='ocrx_word' id='word_1_141' title='bbox 1226 3198 1347 3280; x_wconf 80' lang='lat' dir='ltr'><strong>fixum,</strong></span> 
     </span>
     <span class='ocr_line' id='line_1_19' title="bbox 274 3335 1398 3440; baseline 0.006 -34"><span class='ocrx_word' id='word_1_142' title='bbox 274 3335 427 3418; x_wconf 87' lang='lat' dir='ltr'><strong>firmum,</strong></span> <span class='ocrx_word' id='word_1_143' title='bbox 462 3336 728 3419; x_wconf 87' lang='lat' dir='ltr'><strong>immutabilem,</strong></span> <span class='ocrx_word' id='word_1_144' title='bbox 754 3361 892 3433; x_wconf 88' lang='lat' dir='ltr'><strong>semper</strong></span> <span class='ocrx_word' id='word_1_145' title='bbox 914 3363 1021 3411; x_wconf 88' lang='lat' dir='ltr'><strong>unum</strong></span> <span class='ocrx_word' id='word_1_146' title='bbox 1052 3348 1087 3412; x_wconf 87' lang='lat' dir='ltr'><strong>et</strong></span> <span class='ocrx_word' id='word_1_147' title='bbox 1116 3341 1171 3412; x_wconf 91' lang='lat' dir='ltr'><strong>sui</strong></span> <span class='ocrx_word' id='word_1_148' title='bbox 1201 3341 1350 3412; x_wconf 88' lang='lat' dir='ltr'><strong>similem</strong></span> <span class='ocrx_word' id='word_1_149' title='bbox 1395 3436 1398 3440; x_wconf 15' lang='grc' dir='ltr'>ι</span> 
     </span>
     <span class='ocr_line' id='line_1_20' title="bbox 274 3474 1351 3569; baseline 0.007 -26"><span class='ocrx_word' id='word_1_150' title='bbox 274 3474 445 3546; x_wconf 85' lang='lat' dir='ltr'><strong>sentimus</strong></span> <span class='ocrx_word' id='word_1_151' title='bbox 467 3498 475 3543; x_wconf 93' lang='lat'>:</span> <span class='ocrx_word' id='word_1_152' title='bbox 496 3474 594 3545; x_wconf 86' lang='lat' dir='ltr'><strong>iniis</strong></span> <span class='ocrx_word' id='word_1_153' title='bbox 613 3496 692 3569; x_wconf 88' lang='lat' dir='ltr'><strong>quae</strong></span> <span class='ocrx_word' id='word_1_154' title='bbox 710 3476 819 3547; x_wconf 89' lang='lat' dir='ltr'><strong>semel</strong></span> <span class='ocrx_word' id='word_1_155' title='bbox 836 3476 947 3549; x_wconf 86' lang='lat' dir='ltr'><strong>voluit</strong></span> <span class='ocrx_word' id='word_1_156' title='bbox 966 3486 1028 3550; x_wconf 87' lang='lat' dir='ltr'><strong>aut</strong></span> <span class='ocrx_word' id='word_1_157' title='bbox 1044 3479 1145 3562; x_wconf 88' lang='lat' dir='ltr'><strong>vidit,</strong></span> <span class='ocrx_word' id='word_1_158' title='bbox 1169 3480 1256 3551; x_wconf 91' lang='lat' dir='ltr'><strong>nihil</strong></span> <span class='ocrx_word' id='word_1_159' title='bbox 1272 3479 1351 3551; x_wconf 89' lang='lat' dir='ltr'><strong>flec-</strong></span> 
     </span>
    </p>
   </div>
   <div class='ocr_carea' id='block_1_5' title="bbox 273 3614 784 3696">
    <p class='ocr_par' dir='ltr' id='par_1_5' title="bbox 273 3614 784 3696">
     <span class='ocr_line' id='line_1_21' title="bbox 273 3614 784 3696; baseline 0.006 -12"><span class='ocrx_word' id='word_1_160' title='bbox 273 3623 418 3696; x_wconf 85' lang='lat' dir='ltr'><strong>tentem,</strong></span> <span class='ocrx_word' id='word_1_161' title='bbox 440 3614 527 3685; x_wconf 91' lang='lat' dir='ltr'><strong>nihil</strong></span> <span class='ocrx_word' id='word_1_162' title='bbox 545 3614 784 3687; x_wconf 87' lang='lat' dir='ltr'><strong>fluctuantem.</strong></span> 
     </span>
    </p>
   </div>
   <div class='ocr_carea' id='block_1_6' title="bbox 474 3813 1215 3894">
    <p class='ocr_par' dir='ltr' id='par_1_6' title="bbox 474 3813 1215 3894">
     <span class='ocr_line' id='line_1_22' title="bbox 474 3813 1215 3894; baseline 0.007 -24"><span class='ocrx_word' id='word_1_163' title='bbox 474 3813 514 3870; x_wconf 82' lang='grc' dir='ltr'><strong>Οὐ</strong></span> <span class='ocrx_word' id='word_1_164' title='bbox 527 3816 578 3892; x_wconf 73' lang='grc' dir='ltr'><strong>γάρ</strong></span> <span class='ocrx_word' id='word_1_165' title='bbox 592 3813 681 3887; x_wconf 71' lang='grc' dir='ltr'><strong>τάἶψα</strong></span> <span class='ocrx_word' id='word_1_166' title='bbox 698 3817 764 3873; x_wconf 84' lang='grc' dir='ltr'>θεῶν</span> <span class='ocrx_word' id='word_1_167' title='bbox 778 3816 901 3893; x_wconf 75' lang='grc' dir='ltr'>τρέπεται</span> <span class='ocrx_word' id='word_1_168' title='bbox 913 3817 983 3873; x_wconf 79' lang='grc' dir='ltr'>νόωσ</span> <span class='ocrx_word' id='word_1_169' title='bbox 1000 3817 1161 3876; x_wconf 56' lang='lat' dir='ltr'><strong>diaeceseos..</strong></span> <span class='ocrx_word' id='word_1_170' title='bbox 1212 3886 1215 3894; x_wconf 28' lang='grc' dir='ltr'>Ι</span> 
     </span>
    </p>
   </div>
   <div class='ocr_carea' id='block_1_7' title="bbox 275 4042 1351 4280">
    <p class='ocr_par' dir='ltr' id='par_1_7' title="bbox 275 4042 1351 4280">
     <span class='ocr_line' id='line_1_23' title="bbox 324 4042 1351 4136; baseline 0.004 -25"><span class='ocrx_word' id='word_1_171' title='bbox 324 4043 413 4118; x_wconf 76' lang='lat' dir='ltr'><strong>Quae</strong></span> <span class='ocrx_word' id='word_1_172' title='bbox 439 4042 468 4111; x_wconf 88' lang='lat' dir='ltr'><strong>si</strong></span> <span class='ocrx_word' id='word_1_173' title='bbox 494 4064 578 4112; x_wconf 88' lang='lat' dir='ltr'><strong>vera</strong></span> <span class='ocrx_word' id='word_1_174' title='bbox 595 4043 717 4113; x_wconf 85' lang='lat' dir='ltr'><strong>fateris</strong></span> <span class='ocrx_word' id='word_1_175' title='bbox 736 4044 782 4136; x_wconf 85' lang='lat' dir='ltr'><strong>(et</strong></span> <span class='ocrx_word' id='word_1_176' title='bbox 807 4045 953 4116; x_wconf 82' lang='lat' dir='ltr'><strong>fatearis</strong></span> <span class='ocrx_word' id='word_1_177' title='bbox 980 4069 1162 4116; x_wconf 90' lang='lat' dir='ltr'><strong>necessum</strong></span> <span class='ocrx_word' id='word_1_178' title='bbox 1190 4053 1255 4128; x_wconf 89' lang='lat' dir='ltr'><strong>est,</strong></span> <span class='ocrx_word' id='word_1_179' title='bbox 1283 4047 1351 4116; x_wconf 89' lang='lat' dir='ltr'><strong>nisi</strong></span> 
     </span>
     <span class='ocr_line' id='line_1_24' title="bbox 275 4181 1350 4280; baseline 0.005 -30"><span class='ocrx_word' id='word_1_180' title='bbox 275 4181 446 4253; x_wconf 83' lang='lat' dir='ltr'><strong>rationem</strong></span> <span class='ocrx_word' id='word_1_181' title='bbox 465 4206 602 4253; x_wconf 90' lang='lat' dir='ltr'><strong>omnem</strong></span> <span class='ocrx_word' id='word_1_182' title='bbox 618 4183 716 4254; x_wconf 86' lang='lat' dir='ltr'><strong>exuis</strong></span> <span class='ocrx_word' id='word_1_183' title='bbox 733 4191 767 4254; x_wconf 82' lang='lat' dir='ltr'><strong>et</strong></span> <span class='ocrx_word' id='word_1_184' title='bbox 789 4207 930 4255; x_wconf 90' lang='lat' dir='ltr'><strong>sensum</strong></span> <span class='ocrx_word' id='word_1_185' title='bbox 954 4185 974 4277; x_wconf 86' lang='lat'><strong>:)</strong></span> <span class='ocrx_word' id='word_1_186' title='bbox 993 4185 1080 4256; x_wconf 90' lang='lat' dir='ltr'><strong>illud</strong></span> <span class='ocrx_word' id='word_1_187' title='bbox 1098 4210 1234 4280; x_wconf 88' lang='lat' dir='ltr'><strong>quoque</strong></span> <span class='ocrx_word' id='word_1_188' title='bbox 1253 4187 1350 4257; x_wconf 85' lang='lat' dir='ltr'><strong>adsa-</strong></span> 
     </span>
    </p>
   </div>
   <div class='ocr_carea' id='block_1_8' title="bbox 0 0 1637 5190">
    <p class='ocr_par' dir='ltr' id='par_1_8' title="bbox 0 0 1637 5190">
     <span class='ocr_line' id='line_1_25' title="bbox 0 0 1637 5190; baseline 0 0"><span class='ocrx_word' id='word_1_189' title='bbox 0 0 1637 5190; x_wconf 95' lang='lat' dir='ltr'><strong> </strong></span> 
     </span>
    </p>
   </div>
  </div>
 </body>
</html>
