3262 5190
774 497 957 563 -103-

327 684 517 777 defensiol)
535 689 572 754 at
587 683 645 776 qui
660 682 753 762 huic,
771 681 859 754 adeo
874 681 917 753 de
930 681 1010 753 labe
1024 687 1085 752 aut
1098 680 1201 773 lapsu
1218 702 1313 773 saepe
1332 702 1402 750 neu

326 823 491 906 fateatur,
502 829 540 894 ut
553 823 599 895 sit
613 822 671 916 qui
679 823 792 916 jactet
806 822 949 894 etiamet
964 828 1106 894 censeat
1115 843 1179 915 pro
1188 821 1312 892 laude:
1328 822 1405 892 Pie-

325 971 381 1036 tas
399 963 490 1035 enim
511 971 545 1034 et
562 961 748 1034 Miseratio
767 956 896 1034 dicitur
918 987 924 1033 :
947 969 982 1032 et
1003 961 1210 1056 quantulum
1228 960 1343 1043 abest,
1366 967 1404 1031 ut

325 1103 418 1173 inter
442 1101 590 1173 virtutes
620 1101 691 1171 imo
721 1100 866 1171 numina
892 1108 1118 1172 consecretur
1144 1099 1298 1194 publica,
1326 1100 1404 1172 haec

326 1241 474 1312 Febris?
497 1242 619 1312 Podtae
642 1246 677 1311 et
695 1240 865 1312 Oratores
883 1240 1016 1333 passim
1036 1240 1219 1311 dilaudant
1240 1241 1402 1314 etincul·

325 1388 407 1452 caut
428 1380 600 1453 fervidum
627 1402 784 1451 amorem
805 1379 932 1473 patriae
962 1406 969 1451 :
1000 1393 1064 1452 nec
1090 1403 1237 1474 prorsus
1258 1380 1402 1452 exculco

325 1543 404 1614 ege,
418 1520 844 1613 sedtemperaudumeum
857 1519 1179 1614 moderandumque
1189 1542 1401 1591 essecenscc

325 1668 359 1732 et
377 1660 501 1732 scisco.
519 1659 661 1730 Revera
678 1659 770 1730 enim
788 1658 911 1730 vitium
930 1666 997 1741 est,
1018 1659 1244 1753 intemperies
1270 1668 1337 1743 est,
1367 1668 1402 1731 et

324 1798 432 1870 animi
447 1801 469 1868 d
486 1797 600 1891 gradu
615 1790 762 1901 dejectio
777 1798 962 1892 aelapsus
985 1797 1054 1870 Sed
1069 1805 1105 1869 et
1122 1797 1242 1891 gravis
1257 1799 1401 1871 morbus

324 1945 425 2031 parte
443 1935 527 2018 alia,
544 1935 711 2029 quianon
725 1960 815 2009 unus
834 1937 871 2008 in
889 1938 1058 2022 eadelm,
1076 1938 1138 2009 sed
1152 1938 1295 2009 confuse
1304 1939 1402 2009 Tuus

324 2082 359 2146 et
375 2074 536 2147 Alienus,
560 2073 676 2169 Atque
693 2073 840 2147 Alienus
866 2075 950 2147 item
968 2074 1108 2168 duplex,
1131 2098 1260 2147 caussa
1278 2076 1401 2146 Homi-

258 2296 264 2305 ,
322 2238 418 2299 num,
436 2238 563 2286 caussa
582 2215 728 2286 Patriae.

371 3554 420 3625 Ut
443 3553 478 3624 id
506 3554 597 3648 quod
628 3555 791 3626 subtilius
818 3555 886 3627 dici
912 3564 944 3627 et
973 3556 1080 3627 dividi
1113 3561 1133 3626 d
1160 3582 1215 3630 me
1241 3561 1394 3642 videtur,

320 3693 439 3788 capias
457 3695 522 3765 sub
540 3693 699 3788 exemplo
721 3720 727 3765 :
752 3717 831 3765 ecce
857 3695 1004 3788 Belgica
1025 3705 1087 3767 tua
1113 3720 1206 3769 nunc
1224 3695 1397 3791 premitur

320 3854 389 3901 non
420 3854 491 3903 una
521 3830 631 3913 clade,
666 3839 701 3902 et
726 3830 960 3924 circumplexa
991 3856 1069 3904 eam
1100 3834 1253 3928 undique
1283 3837 1396 3909 civilis

319 3969 422 4062 hujus
441 3969 522 4041 belli
540 3970 692 4042 flamma.
710 3970 808 4042 vides
826 3971 959 4063 passim
973 3995 1080 4065 agros
1093 3974 1240 4056 vastari,
1263 3975 1367 4070 diripi
1385 4005 1391 4047 :
1495 4000 1499 4007 ·

320 4106 449 4202 oppida
462 4107 613 4190 incendi,
639 4107 768 4190 everti;
790 4107 950 4180 homines
968 4111 1059 4204 capi,
1081 4112 1192 4197 caedi;
1214 4121 1402 4187 matronas<

319 4246 441 4339 pollui,
463 4245 618 4337 virgines
640 4246 813 4338 imminui3
836 4253 870 4318 et
892 4270 970 4341 quae
994 4249 1064 4320 alia
1079 4252 1246 4354 comitari
1274 4263 1395 4326 amant
