<?xml version="1.0" encoding="UTF-8"?>
<!DOCTYPE html PUBLIC "-//W3C//DTD XHTML 1.0 Transitional//EN"
    "http://www.w3.org/TR/xhtml1/DTD/xhtml1-transitional.dtd">
<html xmlns="http://www.w3.org/1999/xhtml" xml:lang="en" lang="en">
 <head>
  <title>
</title>
<meta http-equiv="Content-Type" content="text/html;charset=utf-8" />
  <meta name='ocr-system' content='tesseract 3.04.00' />
  <meta name='ocr-capabilities' content='ocr_page ocr_carea ocr_par ocr_line ocrx_word'/>
</head>
<body>
  <div class='ocr_page' id='page_1' title='image "./traitdelaconsta00boisgoog_0169.png"; bbox 0 0 3262 5190; ppageno 0'>
   <div class='ocr_carea' id='block_1_1' title="bbox 774 475 958 538">
    <p class='ocr_par' dir='ltr' id='par_1_1' title="bbox 774 475 958 538">
     <span class='ocr_line' id='line_1_1' title="bbox 774 475 958 538; baseline -0.005 -1"><span class='ocrx_word' id='word_1_1' title='bbox 774 475 958 538; x_wconf 80' lang='lat' dir='ltr'>-lot-</span> 
     </span>
    </p>
   </div>
   <div class='ocr_carea' id='block_1_2' title="bbox 326 655 1404 1167">
    <p class='ocr_par' dir='ltr' id='par_1_2' title="bbox 326 655 1404 1167">
     <span class='ocr_line' id='line_1_2' title="bbox 327 655 1402 750; baseline 0.001 -26"><span class='ocrx_word' id='word_1_2' title='bbox 327 656 509 737; x_wconf 72' lang='lat' dir='ltr'>obversus</span> <span class='ocrx_word' id='word_1_3' title='bbox 531 655 659 726; x_wconf 86' lang='lat' dir='ltr'>iterum</span> <span class='ocrx_word' id='word_1_4' title='bbox 681 657 732 726; x_wconf 89' lang='lat' dir='ltr'>sic</span> <span class='ocrx_word' id='word_1_5' title='bbox 750 657 868 750; x_wconf 91' lang='lat' dir='ltr'>coepit.</span> <span class='ocrx_word' id='word_1_6' title='bbox 891 657 959 727; x_wconf 90' lang='lat' dir='ltr'>leci</span> <span class='ocrx_word' id='word_1_7' title='bbox 978 656 1149 727; x_wconf 92' lang='lat' dir='ltr'>hactenus</span> <span class='ocrx_word' id='word_1_8' title='bbox 1167 656 1262 726; x_wconf 89' lang='lat' dir='ltr'>velut</span> <span class='ocrx_word' id='word_1_9' title='bbox 1279 655 1402 726; x_wconf 86' lang='lat' dir='ltr'>sunda·</span> 
     </span>
     <span class='ocr_line' id='line_1_3' title="bbox 328 792 1404 888; baseline -0.003 -23"><span class='ocrx_word' id='word_1_10' title='bbox 328 803 457 876; x_wconf 85' lang='lat' dir='ltr'>menta,</span> <span class='ocrx_word' id='word_1_11' title='bbox 480 794 590 888; x_wconf 89' lang='lat' dir='ltr'>Lipsi,</span> <span class='ocrx_word' id='word_1_12' title='bbox 613 794 738 887; x_wconf 91' lang='lat' dir='ltr'>quibus</span> <span class='ocrx_word' id='word_1_13' title='bbox 763 795 944 865; x_wconf 88' lang='lat' dir='ltr'>commode</span> <span class='ocrx_word' id='word_1_14' title='bbox 970 801 1005 865; x_wconf 87' lang='lat' dir='ltr'>et</span> <span class='ocrx_word' id='word_1_15' title='bbox 1029 803 1102 865; x_wconf 87' lang='lat' dir='ltr'>tute</span> <span class='ocrx_word' id='word_1_16' title='bbox 1129 792 1404 864; x_wconf 85' lang='lat' dir='ltr'>inaedificaretur</span> 
     </span>
     <span class='ocr_line' id='line_1_4' title="bbox 326 932 1404 1027; baseline -0.003 -22"><span class='ocrx_word' id='word_1_17' title='bbox 326 935 465 1005; x_wconf 82' lang='lat' dir='ltr'>futurus</span> <span class='ocrx_word' id='word_1_18' title='bbox 493 957 637 1005; x_wconf 91' lang='lat' dir='ltr'>sermo:</span> <span class='ocrx_word' id='word_1_19' title='bbox 665 956 770 1015; x_wconf 92' lang='lat' dir='ltr'>nunc,</span> <span class='ocrx_word' id='word_1_20' title='bbox 793 934 822 1004; x_wconf 89' lang='lat' dir='ltr'>si</span> <span class='ocrx_word' id='word_1_21' title='bbox 849 933 976 1026; x_wconf 89' lang='lat' dir='ltr'>placet,</span> <span class='ocrx_word' id='word_1_22' title='bbox 1003 932 1167 1004; x_wconf 81' lang='lat' dir='ltr'>accedam</span> <span class='ocrx_word' id='word_1_23' title='bbox 1190 933 1347 1027; x_wconf 84' lang='lat' dir='ltr'>propius,</span> <span class='ocrx_word' id='word_1_24' title='bbox 1369 942 1404 1001; x_wconf 91' lang='lat' dir='ltr'>et</span> 
     </span>
     <span class='ocr_line' id='line_1_5' title="bbox 326 1073 1399 1167; baseline -0.002 -22"><span class='ocrx_word' id='word_1_25' title='bbox 326 1097 472 1146; x_wconf 83' lang='lat' dir='ltr'>caussas</span> <span class='ocrx_word' id='word_1_26' title='bbox 506 1074 637 1145; x_wconf 89' lang='lat' dir='ltr'>doloris</span> <span class='ocrx_word' id='word_1_27' title='bbox 663 1074 714 1144; x_wconf 89' lang='lat' dir='ltr'>tui</span> <span class='ocrx_word' id='word_1_28' title='bbox 744 1074 932 1167; x_wconf 83' lang='lat' dir='ltr'><strong>inquiram,</strong></span> <span class='ocrx_word' id='word_1_29' title='bbox 960 1082 994 1144; x_wconf 86' lang='lat' dir='ltr'>et</span> <span class='ocrx_word' id='word_1_30' title='bbox 1025 1096 1144 1154; x_wconf 85' lang='lat' dir='ltr'>manu,</span> <span class='ocrx_word' id='word_1_31' title='bbox 1166 1073 1265 1166; x_wconf 92' lang='lat' dir='ltr'>quod</span> <span class='ocrx_word' id='word_1_32' title='bbox 1288 1073 1399 1166; x_wconf 86' lang='lat' dir='ltr'>ajunt,</span> 
     </span>
    </p>
   </div>
   <div class='ocr_carea' id='block_1_3' title="bbox 326 1213 715 1308">
    <p class='ocr_par' dir='ltr' id='par_1_3' title="bbox 326 1213 715 1308">
     <span class='ocr_line' id='line_1_6' title="bbox 326 1213 715 1308; baseline -0.005 -22"><span class='ocrx_word' id='word_1_33' title='bbox 326 1223 472 1308; x_wconf 84' lang='lat' dir='ltr'>tangam</span> <span class='ocrx_word' id='word_1_34' title='bbox 491 1221 589 1285; x_wconf 92' lang='lat' dir='ltr'>tuum</span> <span class='ocrx_word' id='word_1_35' title='bbox 603 1213 715 1284; x_wconf 83' lang='lat' dir='ltr'>ulcus</span> 
     </span>
    </p>
   </div>
   <div class='ocr_carea' id='block_1_4' title="bbox 323 1563 1403 4012">
    <p class='ocr_par' dir='ltr' id='par_1_4' title="bbox 323 1563 1403 4012">
     <span class='ocr_line' id='line_1_7' title="bbox 375 1563 1402 1659; baseline -0.005 -21"><span class='ocrx_word' id='word_1_36' title='bbox 375 1568 453 1638; x_wconf 91' lang='lat' dir='ltr'>Duo</span> <span class='ocrx_word' id='word_1_37' title='bbox 483 1573 578 1648; x_wconf 92' lang='lat' dir='ltr'>sunt,</span> <span class='ocrx_word' id='word_1_38' title='bbox 616 1589 695 1659; x_wconf 89' lang='lat' dir='ltr'>quae</span> <span class='ocrx_word' id='word_1_39' title='bbox 726 1588 842 1636; x_wconf 87' lang='lat' dir='ltr'>arcem</span> <span class='ocrx_word' id='word_1_40' title='bbox 869 1565 961 1636; x_wconf 92' lang='lat' dir='ltr'>hanc</span> <span class='ocrx_word' id='word_1_41' title='bbox 992 1565 1026 1635; x_wconf 94' lang='lat' dir='ltr'>in</span> <span class='ocrx_word' id='word_1_42' title='bbox 1055 1565 1156 1635; x_wconf 91' lang='lat' dir='ltr'>nobis</span> <span class='ocrx_word' id='word_1_43' title='bbox 1185 1563 1402 1634; x_wconf 72' lang='lat' dir='ltr'>Constantine</span> 
     </span>
     <span class='ocr_line' id='line_1_8' title="bbox 326 1701 1399 1797; baseline -0.001 -24"><span class='ocrx_word' id='word_1_44' title='bbox 326 1703 773 1797; x_wconf 84' lang='lat' dir='ltr'>oppugnaut‚Falsabona,</span> <span class='ocrx_word' id='word_1_45' title='bbox 786 1704 894 1774; x_wconf 84' lang='lat' dir='ltr'>Falsa</span> <span class='ocrx_word' id='word_1_46' title='bbox 908 1703 1179 1796; x_wconf 85' lang='lat' dir='ltr'>malaUtraque</span> <span class='ocrx_word' id='word_1_47' title='bbox 1189 1705 1239 1773; x_wconf 89' lang='lat' dir='ltr'>sic</span> <span class='ocrx_word' id='word_1_48' title='bbox 1248 1701 1399 1795; x_wconf 89' lang='lat' dir='ltr'>appello,</span> 
     </span>
     <span class='ocr_line' id='line_1_9' title="bbox 327 1840 1403 1923; baseline -0.002 -11"><span class='ocrx_word' id='word_1_49' title='bbox 327 1840 420 1918; x_wconf 71' lang='lat' dir='ltr'>Qum</span> <span class='ocrx_word' id='word_1_50' title='bbox 439 1863 511 1913; x_wconf 86' lang='lat' dir='ltr'>nou</span> <span class='ocrx_word' id='word_1_51' title='bbox 529 1865 566 1913; x_wconf 80' lang='lat' dir='ltr'>ru</span> <span class='ocrx_word' id='word_1_52' title='bbox 584 1864 687 1914; x_wconf 76' lang='lat' dir='ltr'>noers</span> <span class='ocrx_word' id='word_1_53' title='bbox 705 1865 771 1914; x_wconf 77' lang='lat' dir='ltr'>sun</span> <span class='ocrx_word' id='word_1_54' title='bbox 790 1864 895 1914; x_wconf 71' lang='lat' dir='ltr'>ornos</span> <span class='ocrx_word' id='word_1_55' title='bbox 909 1865 989 1923; x_wconf 85' lang='lat' dir='ltr'>uos,</span> <span class='ocrx_word' id='word_1_56' title='bbox 1006 1865 1160 1920; x_wconf 73' lang='lat' dir='ltr'>cumcun</span> <span class='ocrx_word' id='word_1_57' title='bbox 1179 1863 1403 1912; x_wconf 81' lang='lat' dir='ltr'>rurnnronnu</span> 
     </span>
     <span class='ocr_line' id='line_1_10' title="bbox 326 2000 1403 2062; baseline -0.005 -10"><span class='ocrx_word' id='word_1_58' title='bbox 326 2004 681 2062; x_wconf 70' lang='lat' dir='ltr'>norcomannorum</span> <span class='ocrx_word' id='word_1_59' title='bbox 707 2004 783 2062; x_wconf 83' lang='lat' dir='ltr'>nsr,</span> <span class='ocrx_word' id='word_1_60' title='bbox 810 2004 966 2062; x_wconf 81' lang='lat' dir='ltr'>nuruum,</span> <span class='ocrx_word' id='word_1_61' title='bbox 992 2003 1151 2052; x_wconf 75' lang='lat' dir='ltr'>enorme</span> <span class='ocrx_word' id='word_1_62' title='bbox 1175 2000 1247 2051; x_wconf 82' lang='lat' dir='ltr'>uon</span> <span class='ocrx_word' id='word_1_63' title='bbox 1271 2001 1403 2050; x_wconf 77' lang='lat' dir='ltr'>ruvnur</span> 
     </span>
     <span class='ocr_line' id='line_1_11' title="bbox 326 2086 1403 2213; baseline -0.003 -24"><span class='ocrx_word' id='word_1_64' title='bbox 326 2141 394 2189; x_wconf 78' lang='lat' dir='ltr'>nur</span> <span class='ocrx_word' id='word_1_65' title='bbox 410 2142 577 2191; x_wconf 78' lang='lat' dir='ltr'>nAEuuur.</span> <span class='ocrx_word' id='word_1_66' title='bbox 600 2122 723 2213; x_wconf 91' lang='lat' dir='ltr'>Itaque</span> <span class='ocrx_word' id='word_1_67' title='bbox 745 2120 847 2190; x_wconf 89' lang='lat' dir='ltr'>Bona</span> <span class='ocrx_word' id='word_1_68' title='bbox 870 2126 932 2190; x_wconf 90' lang='lat' dir='ltr'>aut</span> <span class='ocrx_word' id='word_1_69' title='bbox 953 2118 1051 2189; x_wconf 86' lang='lat' dir='ltr'>Mala</span> <span class='ocrx_word' id='word_1_70' title='bbox 1069 2142 1123 2198; x_wconf 90' lang='lat' dir='ltr'>ea,</span> <span class='ocrx_word' id='word_1_71' title='bbox 1147 2141 1184 2187; x_wconf 87' lang='lat' dir='ltr'>re</span> <span class='ocrx_word' id='word_1_72' title='bbox 1207 2126 1242 2188; x_wconf 89' lang='lat' dir='ltr'>et</span> <span class='ocrx_word' id='word_1_73' title='bbox 1266 2086 1403 2188; x_wconf 84' lang='lat' dir='ltr'>ratione</span> 
     </span>
     <span class='ocr_line' id='line_1_12' title="bbox 326 2256 1402 2350; baseline -0.002 -22"><span class='ocrx_word' id='word_1_74' title='bbox 326 2281 396 2328; x_wconf 95' lang='lat' dir='ltr'>non</span> <span class='ocrx_word' id='word_1_75' title='bbox 421 2258 534 2328; x_wconf 93' lang='lat' dir='ltr'>dicam</span> <span class='ocrx_word' id='word_1_76' title='bbox 565 2283 572 2327; x_wconf 92' lang='lat'><strong>:</strong></span> <span class='ocrx_word' id='word_1_77' title='bbox 600 2257 739 2329; x_wconf 85' lang='lat' dir='ltr'>fatebor</span> <span class='ocrx_word' id='word_1_78' title='bbox 756 2256 921 2350; x_wconf 87' lang='lat' dir='ltr'>opinione</span> <span class='ocrx_word' id='word_1_79' title='bbox 944 2279 1035 2337; x_wconf 90' lang='lat' dir='ltr'>esse,</span> <span class='ocrx_word' id='word_1_80' title='bbox 1057 2265 1091 2327; x_wconf 87' lang='lat' dir='ltr'>et</span> <span class='ocrx_word' id='word_1_81' title='bbox 1116 2256 1290 2327; x_wconf 91' lang='lat' dir='ltr'>communi</span> <span class='ocrx_word' id='word_1_82' title='bbox 1318 2279 1402 2350; x_wconf 91' lang='lat' dir='ltr'>quo·</span> 
     </span>
     <span class='ocr_line' id='line_1_13' title="bbox 325 2379 1398 2490; baseline -0.001 -23"><span class='ocrx_word' id='word_1_83' title='bbox 325 2397 406 2467; x_wconf 85' lang='lat' dir='ltr'>dam</span> <span class='ocrx_word' id='word_1_84' title='bbox 435 2396 532 2489; x_wconf 74' lang='lat' dir='ltr'>vulgi</span> <span class='ocrx_word' id='word_1_85' title='bbox 562 2397 670 2468; x_wconf 92' lang='lat' dir='ltr'>sensi.</span> <span class='ocrx_word' id='word_1_86' title='bbox 702 2398 742 2467; x_wconf 93' lang='lat' dir='ltr'>ln</span> <span class='ocrx_word' id='word_1_87' title='bbox 774 2397 883 2490; x_wconf 81' lang='lat' dir='ltr'>priori</span> <span class='ocrx_word' id='word_1_88' title='bbox 909 2396 1023 2467; x_wconf 91' lang='lat' dir='ltr'>classe</span> <span class='ocrx_word' id='word_1_89' title='bbox 1052 2379 1251 2477; x_wconf 80' lang='lat' dir='ltr'>numerant,</span> <span class='ocrx_word' id='word_1_90' title='bbox 1291 2396 1398 2488; x_wconf 89' lang='lat' dir='ltr'>Opes,</span> 
     </span>
     <span class='ocr_line' id='line_1_14' title="bbox 323 2532 1400 2624; baseline -0.002 -20"><span class='ocrx_word' id='word_1_91' title='bbox 323 2534 500 2615; x_wconf 81' lang='lat' dir='ltr'>Honores,</span> <span class='ocrx_word' id='word_1_92' title='bbox 536 2535 748 2615; x_wconf 83' lang='lat' dir='ltr'>Potentiam.</span> <span class='ocrx_word' id='word_1_93' title='bbox 788 2535 997 2613; x_wconf 83' lang='lat' dir='ltr'>Sanitatem,</span> <span class='ocrx_word' id='word_1_94' title='bbox 1031 2532 1325 2624; x_wconf 81' lang='lat' dir='ltr'>Longaevitatem.</span> <span class='ocrx_word' id='word_1_95' title='bbox 1363 2535 1400 2602; x_wconf 91' lang='lat' dir='ltr'>in</span> 
     </span>
     <span class='ocr_line' id='line_1_15' title="bbox 326 2672 1398 2768; baseline -0.003 -24"><span class='ocrx_word' id='word_1_96' title='bbox 326 2675 534 2768; x_wconf 89' lang='lat' dir='ltr'>posteriore,</span> <span class='ocrx_word' id='word_1_97' title='bbox 552 2674 723 2768; x_wconf 83' lang='lat' dir='ltr'>Inopiam,</span> <span class='ocrx_word' id='word_1_98' title='bbox 742 2675 936 2756; x_wconf 88' lang='lat' dir='ltr'>Infamiam,</span> <span class='ocrx_word' id='word_1_99' title='bbox 957 2672 1216 2766; x_wconf 87' lang='lat' dir='ltr'>lmpotentiam,</span> <span class='ocrx_word' id='word_1_100' title='bbox 1239 2672 1398 2750; x_wconf 85' lang='lat' dir='ltr'>Morbos,</span> 
     </span>
     <span class='ocr_line' id='line_1_16' title="bbox 327 2811 1401 2909; baseline -0.005 -24"><span class='ocrx_word' id='word_1_101' title='bbox 327 2816 463 2885; x_wconf 91' lang='lat' dir='ltr'>Mortes</span> <span class='ocrx_word' id='word_1_102' title='bbox 478 2839 485 2884; x_wconf 91' lang='lat'>:</span> <span class='ocrx_word' id='word_1_103' title='bbox 498 2822 533 2885; x_wconf 87' lang='lat' dir='ltr'>et</span> <span class='ocrx_word' id='word_1_104' title='bbox 544 2831 580 2885; x_wconf 87' lang='lat' dir='ltr'>ut</span> <span class='ocrx_word' id='word_1_105' title='bbox 597 2814 706 2886; x_wconf 90' lang='lat' dir='ltr'>verbo</span> <span class='ocrx_word' id='word_1_106' title='bbox 724 2838 794 2886; x_wconf 92' lang='lat' dir='ltr'>uno</span> <span class='ocrx_word' id='word_1_107' title='bbox 809 2814 1033 2909; x_wconf 83' lang='lat' dir='ltr'>complectar,</span> <span class='ocrx_word' id='word_1_108' title='bbox 1045 2811 1212 2907; x_wconf 91' lang='lat' dir='ltr'>quidquid</span> <span class='ocrx_word' id='word_1_109' title='bbox 1226 2811 1320 2881; x_wconf 92' lang='lat' dir='ltr'>aliud</span> <span class='ocrx_word' id='word_1_110' title='bbox 1333 2812 1401 2881; x_wconf 87' lang='lat' dir='ltr'>lor-</span> 
     </span>
     <span class='ocr_line' id='line_1_17' title="bbox 325 2950 1402 3046; baseline -0.005 -23"><span class='ocrx_word' id='word_1_111' title='bbox 325 2952 452 3023; x_wconf 88' lang='lat' dir='ltr'>tuitum</span> <span class='ocrx_word' id='word_1_112' title='bbox 467 2963 527 3023; x_wconf 89' lang='lat' dir='ltr'>aut</span> <span class='ocrx_word' id='word_1_113' title='bbox 541 2960 736 3023; x_wconf 87' lang='lat' dir='ltr'>externum.</span> <span class='ocrx_word' id='word_1_114' title='bbox 753 2953 808 3023; x_wconf 83' lang='lat' dir='ltr'>Ab</span> <span class='ocrx_word' id='word_1_115' title='bbox 821 2952 949 3046; x_wconf 83' lang='lat' dir='ltr'>duplici</span> <span class='ocrx_word' id='word_1_116' title='bbox 966 2953 1034 3022; x_wconf 91' lang='lat' dir='ltr'>isto</span> <span class='ocrx_word' id='word_1_117' title='bbox 1049 2951 1159 3043; x_wconf 89' lang='lat' dir='ltr'>stirpe</span> <span class='ocrx_word' id='word_1_118' title='bbox 1172 2958 1338 3043; x_wconf 86' lang='lat' dir='ltr'>quattuor</span> <span class='ocrx_word' id='word_1_119' title='bbox 1351 2950 1402 3018; x_wconf 92' lang='lat' dir='ltr'>illi</span> 
     </span>
     <span class='ocr_line' id='line_1_18' title="bbox 325 3089 1400 3184; baseline -0.004 -23"><span class='ocrx_word' id='word_1_120' title='bbox 325 3090 495 3184; x_wconf 83' lang='lat' dir='ltr'>capitales</span> <span class='ocrx_word' id='word_1_121' title='bbox 513 3091 548 3161; x_wconf 93' lang='lat' dir='ltr'>in</span> <span class='ocrx_word' id='word_1_122' title='bbox 562 3090 663 3162; x_wconf 89' lang='lat' dir='ltr'>nobis</span> <span class='ocrx_word' id='word_1_123' title='bbox 676 3090 844 3162; x_wconf 82' lang='lat' dir='ltr'>Adfectus</span> <span class='ocrx_word' id='word_1_124' title='bbox 862 3091 944 3170; x_wconf 88' lang='lat' dir='ltr'>orti,</span> <span class='ocrx_word' id='word_1_125' title='bbox 962 3090 1018 3183; x_wconf 91' lang='lat' dir='ltr'>qui</span> <span class='ocrx_word' id='word_1_126' title='bbox 1038 3089 1218 3160; x_wconf 85' lang='lat' dir='ltr'>continent</span> <span class='ocrx_word' id='word_1_127' title='bbox 1236 3096 1270 3159; x_wconf 91' lang='lat' dir='ltr'>et</span> <span class='ocrx_word' id='word_1_128' title='bbox 1284 3095 1400 3158; x_wconf 86' lang='lat' dir='ltr'>conte-</span> 
     </span>
     <span class='ocr_line' id='line_1_19' title="bbox 325 3226 1397 3320; baseline -0.003 -22"><span class='ocrx_word' id='word_1_129' title='bbox 325 3237 407 3299; x_wconf 89' lang='lat' dir='ltr'>runt</span> <span class='ocrx_word' id='word_1_130' title='bbox 424 3229 532 3299; x_wconf 89' lang='lat' dir='ltr'>vitam</span> <span class='ocrx_word' id='word_1_131' title='bbox 550 3251 688 3299; x_wconf 90' lang='lat' dir='ltr'>omnem</span> <span class='ocrx_word' id='word_1_132' title='bbox 705 3227 907 3309; x_wconf 84' lang='lat' dir='ltr'>humanam,</span> <span class='ocrx_word' id='word_1_133' title='bbox 929 3227 1123 3320; x_wconf 80' lang='lat' dir='ltr'>Cupiditas,</span> <span class='ocrx_word' id='word_1_134' title='bbox 1146 3235 1181 3298; x_wconf 93' lang='lat' dir='ltr'>et</span> <span class='ocrx_word' id='word_1_135' title='bbox 1199 3226 1374 3298; x_wconf 85' lang='lat' dir='ltr'>Gaudium</span> <span class='ocrx_word' id='word_1_136' title='bbox 1390 3253 1397 3309; x_wconf 89' lang='lat'>;</span> 
     </span>
     <span class='ocr_line' id='line_1_20' title="bbox 325 3364 1401 3459; baseline -0.002 -24"><span class='ocrx_word' id='word_1_137' title='bbox 325 3366 457 3447; x_wconf 87' lang='lat' dir='ltr'>Metus,</span> <span class='ocrx_word' id='word_1_138' title='bbox 479 3373 514 3436; x_wconf 93' lang='lat' dir='ltr'>et</span> <span class='ocrx_word' id='word_1_139' title='bbox 531 3365 652 3437; x_wconf 88' lang='lat' dir='ltr'>Dolor.</span> <span class='ocrx_word' id='word_1_140' title='bbox 676 3365 857 3459; x_wconf 67' lang='lat' dir='ltr'>liquibus,</span> <span class='ocrx_word' id='word_1_141' title='bbox 879 3365 1015 3458; x_wconf 88' lang='lat' dir='ltr'>priores</span> <span class='ocrx_word' id='word_1_142' title='bbox 1030 3365 1098 3435; x_wconf 92' lang='lat' dir='ltr'>duo</span> <span class='ocrx_word' id='word_1_143' title='bbox 1113 3365 1240 3435; x_wconf 93' lang='lat' dir='ltr'>bonum</span> <span class='ocrx_word' id='word_1_144' title='bbox 1260 3364 1401 3456; x_wconf 84' lang='lat' dir='ltr'>aliquod</span> 
     </span>
     <span class='ocr_line' id='line_1_21' title="bbox 325 3505 1396 3599; baseline -0.003 -24"><span class='ocrx_word' id='word_1_145' title='bbox 325 3505 501 3598; x_wconf 86' lang='lat' dir='ltr'>opinabile</span> <span class='ocrx_word' id='word_1_146' title='bbox 515 3505 720 3598; x_wconf 90' lang='lat' dir='ltr'>respiciunt,</span> <span class='ocrx_word' id='word_1_147' title='bbox 733 3529 844 3599; x_wconf 86' lang='lat' dir='ltr'>exque</span> <span class='ocrx_word' id='word_1_148' title='bbox 854 3527 895 3577; x_wconf 88' lang='lat' dir='ltr'>eo</span> <span class='ocrx_word' id='word_1_149' title='bbox 906 3506 980 3577; x_wconf 86' lang='lat' dir='ltr'>nati</span> <span class='ocrx_word' id='word_1_150' title='bbox 994 3505 1240 3599; x_wconf 72' lang='lat' dir='ltr'>:posteriores</span> <span class='ocrx_word' id='word_1_151' title='bbox 1254 3505 1396 3574; x_wconf 86' lang='lat' dir='ltr'>malum.</span> 
     </span>
     <span class='ocr_line' id='line_1_22' title="bbox 325 3642 1397 3738; baseline -0.006 -22"><span class='ocrx_word' id='word_1_152' title='bbox 325 3645 477 3716; x_wconf 85' lang='lat' dir='ltr'>Laedunt</span> <span class='ocrx_word' id='word_1_153' title='bbox 502 3667 623 3715; x_wconf 90' lang='lat' dir='ltr'>omnes</span> <span class='ocrx_word' id='word_1_154' title='bbox 641 3645 853 3738; x_wconf 90' lang='lat' dir='ltr'>turbantque</span> <span class='ocrx_word' id='word_1_155' title='bbox 880 3644 1047 3725; x_wconf 89' lang='lat' dir='ltr'>animum,</span> <span class='ocrx_word' id='word_1_156' title='bbox 1072 3654 1108 3714; x_wconf 92' lang='lat' dir='ltr'>et</span> <span class='ocrx_word' id='word_1_157' title='bbox 1129 3643 1198 3712; x_wconf 92' lang='lat' dir='ltr'>nisi</span> <span class='ocrx_word' id='word_1_158' title='bbox 1223 3642 1397 3735; x_wconf 83' lang='lat' dir='ltr'>provides,</span> 
     </span>
     <span class='ocr_line' id='line_1_23' title="bbox 325 3780 1399 3874; baseline -0.004 -23"><span class='ocrx_word' id='word_1_159' title='bbox 325 3782 491 3874; x_wconf 88' lang='lat' dir='ltr'>dejiciunt</span> <span class='ocrx_word' id='word_1_160' title='bbox 508 3782 552 3852; x_wconf 91' lang='lat' dir='ltr'>de</span> <span class='ocrx_word' id='word_1_161' title='bbox 565 3804 629 3852; x_wconf 93' lang='lat' dir='ltr'>suo</span> <span class='ocrx_word' id='word_1_162' title='bbox 643 3788 738 3851; x_wconf 89' lang='lat' dir='ltr'>statu</span> <span class='ocrx_word' id='word_1_163' title='bbox 759 3806 766 3850; x_wconf 93' lang='lat'><strong>:</strong></span> <span class='ocrx_word' id='word_1_164' title='bbox 789 3781 935 3850; x_wconf 90' lang='lat' dir='ltr'>sednon</span> <span class='ocrx_word' id='word_1_165' title='bbox 953 3803 1021 3851; x_wconf 90' lang='lat' dir='ltr'>uno</span> <span class='ocrx_word' id='word_1_166' title='bbox 1039 3789 1156 3851; x_wconf 89' lang='lat' dir='ltr'>tamen</span> <span class='ocrx_word' id='word_1_167' title='bbox 1175 3780 1289 3851; x_wconf 83' lang='lat' dir='ltr'>mode.</span> <span class='ocrx_word' id='word_1_168' title='bbox 1307 3780 1399 3850; x_wconf 88' lang='lat' dir='ltr'>Nam</span> 
     </span>
     <span class='ocr_line' id='line_1_24' title="bbox 325 3917 1400 4012; baseline -0.001 -24"><span class='ocrx_word' id='word_1_169' title='bbox 325 3940 403 3988; x_wconf 93' lang='lat' dir='ltr'>cum</span> <span class='ocrx_word' id='word_1_170' title='bbox 422 3917 520 4010; x_wconf 88' lang='lat' dir='ltr'>quies</span> <span class='ocrx_word' id='word_1_171' title='bbox 534 3917 608 4009; x_wconf 89' lang='lat' dir='ltr'>ejus</span> <span class='ocrx_word' id='word_1_172' title='bbox 622 3926 657 3988; x_wconf 87' lang='lat' dir='ltr'>et</span> <span class='ocrx_word' id='word_1_173' title='bbox 672 3918 879 3988; x_wconf 85' lang='lat' dir='ltr'>Constantia</span> <span class='ocrx_word' id='word_1_174' title='bbox 892 3928 1058 4012; x_wconf 89' lang='lat' dir='ltr'>tanquam</span> <span class='ocrx_word' id='word_1_175' title='bbox 1076 3919 1112 3988; x_wconf 88' lang='lat' dir='ltr'>in</span> <span class='ocrx_word' id='word_1_176' title='bbox 1132 3918 1296 4012; x_wconf 90' lang='lat' dir='ltr'>aequabili</span> <span class='ocrx_word' id='word_1_177' title='bbox 1316 3942 1400 4011; x_wconf 88' lang='lat' dir='ltr'>qua-</span> 
     </span>
    </p>
   </div>
   <div class='ocr_carea' id='block_1_5' title="bbox 325 4055 1398 4149">
    <p class='ocr_par' dir='ltr' id='par_1_5' title="bbox 325 4055 1398 4149">
     <span class='ocr_line' id='line_1_25' title="bbox 325 4055 1398 4149; baseline 0.003 -26"><span class='ocrx_word' id='word_1_178' title='bbox 325 4055 405 4125; x_wconf 86' lang='lat' dir='ltr'>darn</span> <span class='ocrx_word' id='word_1_179' title='bbox 424 4057 558 4126; x_wconf 89' lang='lat' dir='ltr'>trutina</span> <span class='ocrx_word' id='word_1_180' title='bbox 576 4057 646 4126; x_wconf 92' lang='lat' dir='ltr'>sit:</span> <span class='ocrx_word' id='word_1_181' title='bbox 669 4056 848 4149; x_wconf 88' lang='lat' dir='ltr'>depellunt</span> <span class='ocrx_word' id='word_1_182' title='bbox 864 4081 942 4128; x_wconf 93' lang='lat' dir='ltr'>eum</span> <span class='ocrx_word' id='word_1_183' title='bbox 961 4058 1087 4129; x_wconf 90' lang='lat' dir='ltr'>abhoc</span> <span class='ocrx_word' id='word_1_184' title='bbox 1104 4058 1328 4139; x_wconf 86' lang='lat' dir='ltr'>libramento,</span> <span class='ocrx_word' id='word_1_185' title='bbox 1348 4057 1398 4127; x_wconf 85' lang='lat' dir='ltr'>illi</span> 
     </span>
    </p>
   </div>
   <div class='ocr_carea' id='block_1_6' title="bbox 324 4194 831 4288">
    <p class='ocr_par' dir='ltr' id='par_1_6' title="bbox 324 4194 831 4288">
     <span class='ocr_line' id='line_1_26' title="bbox 324 4194 831 4288; baseline 0.008 -25"><span class='ocrx_word' id='word_1_186' title='bbox 324 4194 521 4279; x_wconf 90' lang='lat' dir='ltr'>attoleudo;</span> <span class='ocrx_word' id='word_1_187' title='bbox 544 4196 578 4266; x_wconf 87' lang='lat' dir='ltr'>hi</span> <span class='ocrx_word' id='word_1_188' title='bbox 593 4195 831 4288; x_wconf 81' lang='lat' dir='ltr'>deprimendo</span> 
     </span>
    </p>
   </div>
   <div class='ocr_carea' id='block_1_7' title="bbox 0 0 1636 5190">
    <p class='ocr_par' dir='ltr' id='par_1_7' title="bbox 0 0 1636 5190">
     <span class='ocr_line' id='line_1_27' title="bbox 0 0 1636 5190; baseline 0 0"><span class='ocrx_word' id='word_1_189' title='bbox 0 0 1636 5190; x_wconf 95' lang='lat' dir='ltr'> </span> 
     </span>
    </p>
   </div>
  </div>
 </body>
</html>
