3262 5190
398 920 446 988 At
473 917 692 988 Constantia
719 939 804 986 rera
833 924 960 997 mater,
989 916 1170 987 Patientia
1196 923 1230 985 et
1260 914 1426 986 demissio

348 1056 456 1127 animi
481 1064 548 1136 est,
578 1078 684 1150 quam
714 1055 843 1126 definio
873 1056 1010 1127 Ranru
1041 1076 1266 1133 oracuxorn
1296 1076 1426 1125 nourxr

348 1218 504 1267 amsans
530 1218 705 1267 accrnuxr
729 1218 799 1267 scr
820 1216 988 1267 rxcmrxr
1005 1216 1259 1266 romanarum
1281 1215 1325 1264 ar
1345 1215 1426 1264 srxn

346 1356 514 1419 osanam
542 1354 827 1405 rnnrrssrosrn.
850 1333 939 1410 Quae
965 1344 1063 1403 recta
1084 1333 1221 1403 rationo
1244 1338 1421 1424 suspecta,

348 1495 418 1544 una
434 1472 497 1543 illa
515 1472 617 1543 radix
630 1480 698 1554 est,
715 1495 786 1566 qua
802 1471 952 1543 altitudo
964 1471 1191 1566 pulcherrimi
1206 1470 1310 1564 hujus
1323 1470 1426 1540 robo

347 1612 396 1683 ris
415 1610 511 1682 nixa.
532 1611 626 1682 Cave
649 1610 743 1681 enim
768 1618 804 1681 et
827 1610 886 1682 hic
911 1610 1039 1704 Opinio
1056 1610 1121 1681 tibi
1138 1610 1296 1704 imponat
1316 1635 1323 1681 :
1345 1632 1425 1704 quae

348 1749 536 1821 Patientiac
550 1748 627 1820 loco
637 1747 877 1842 Abjectionem
892 1770 987 1842 saepe
1000 1753 1036 1818 et
1048 1755 1226 1841 torporem
1239 1746 1425 1841 quemdam

346 1887 453 1959 animi
473 1887 662 1958 marcentis
686 1886 846 1980 suggerit
870 1912 877 1958 :
899 1909 982 1957 vere
999 1886 1136 1968 vitium,
1154 1894 1190 1957 et
1206 1885 1261 1957 cui
1284 1885 1384 1978 origo
1403 1891 1425 1956 a

346 2025 493 2097 Vilitale
519 2025 586 2097 sui.
615 2025 741 2096 Virtus
768 2030 886 2095 autem
910 2023 1026 2095 media
1050 2023 1110 2094 via
1138 2024 1355 2115 ingreditur;
1389 2033 1425 2094 et

345 2171 447 2236 cauto
464 2168 578 2244 cavet,
600 2161 729 2256 nequid
746 2162 783 2231 iu
800 2161 997 2233 actionibus
1016 2162 1089 2232 suis
1107 2160 1226 2243 defiat,
1244 2170 1305 2233 aut
1322 2185 1423 2234 exce·

345 2301 418 2372 dat.
448 2299 580 2393 Dirigit
604 2297 696 2370 enim
725 2321 762 2369 se
786 2298 833 2368 ad
854 2298 958 2368 unius
980 2298 1147 2369 Rationis
1170 2299 1366 2371 trutinam:
1388 2309 1423 2372 et

344 2438 441 2509 illam
460 2437 565 2509 habet
583 2436 755 2509 examinis
769 2436 823 2507 sui
838 2435 933 2507 velut
950 2458 1109 2506 normam
1123 2444 1158 2507 et
1171 2436 1369 2509 obrussam.

393 2747 458 2817 Est
476 2752 594 2816 autem
615 2752 712 2816 recta
737 2744 845 2815 Ratio
868 2767 938 2815 non
960 2744 1069 2828 aliud,
1099 2767 1205 2838 quam
1230 2745 1285 2816 Da
1305 2768 1420 2818 annus

343 2909 503 2958 uuumus
526 2909 729 2964 nrvmrsoua
754 2886 942 2979 (quatenus
972 2892 1090 2956 tamen
1113 2908 1165 2956 eae
1190 2885 1235 2956 ad
1257 2908 1322 2957 nos
1342 2908 1420 2979 spe-

343 3024 454 3118 ctant)
476 3047 601 3095 vanum
618 3046 785 3094 summum
804 3045 848 3094 ac
867 3045 1009 3094 sursus.
1032 3022 1159 3116 Opinio
1178 3023 1260 3095 huic
1280 3032 1419 3096 contra-

342 3163 408 3243 ria,
427 3164 481 3235 Dn
500 3185 619 3235 usuum
638 3184 766 3233 rurrnn
782 3185 950 3234 Junrcmu
968 3185 1012 3234 ac
1030 3186 1184 3235 ramax.

792 3481 897 3554 uAP.
928 3483 972 3553 V.

339 3724 432 3786 Ratio
440 3728 468 3785 cl
477 3722 828 3804 Opiaiouadcoriqiacm
840 3725 980 3787 labeant.
990 3725 1237 3804 utriusqacoires
1247 3732 1276 3788 ct
1287 3727 1416 3807 effectus.

401 3844 544 3906 Alteram
559 3845 600 3905 ad
617 3846 827 3908 Constantiam
839 3846 957 3923 ducere,
972 3848 1104 3908 atteram
1119 3847 1159 3909 od
1174 3848 1355 3910 levitatem.

392 4074 462 4145 Sed
489 4073 654 4167 quoniam
680 4079 699 4144 e
723 4073 852 4167 duplici
871 4075 937 4146 hoc
955 4076 1051 4146 velut
1074 4077 1189 4170 capite
1214 4077 1418 4171 (Opinionis

341 4211 454 4284 sentio
484 4221 519 4282 et
549 4211 728 4306 Rationis)
756 4235 825 4282 non
861 4213 970 4283 robur
1002 4214 1115 4285 solum
1140 4222 1200 4285 aul
1229 4213 1418 4287 infirmitas
