3262 5190
328 932 397 1003 Sed
416 931 567 1024 probant
594 932 712 1002 etiarn.
741 931 824 1025 quia
848 932 964 1015 aliter,
995 931 1169 1025 quomodo
1192 938 1356 1002 constare

277 1070 440 1164 cuiquam
454 1077 571 1163 potest
585 1070 628 1141 de
641 1070 858 1141 firmitudine
873 1095 949 1152 sua,
963 1078 1025 1141 aut
1038 1071 1251 1163 progressui
1266 1069 1357 1140 Vela

277 1212 506 1304 gubernatori
519 1218 645 1282 ventus
660 1234 797 1304 semper
812 1214 834 1280 a
848 1211 954 1304 puppi
969 1210 1133 1303 impleat:
1149 1216 1262 1280 artem
1272 1232 1355 1279 nus·

274 1376 378 1447 quarn
392 1352 593 1445 explicabit.
610 1352 728 1423 felicia
753 1353 872 1422 omnia
893 1351 1026 1422 bomini
1044 1358 1078 1422 et
1092 1350 1321 1444 obsequentia
1344 1375 1351 1420 :

273 1515 447 1585 nusquam
476 1491 656 1563 virtutem.
676 1491 838 1561 Obrussa
868 1489 961 1560 enim
986 1489 1060 1581 ejus
1086 1488 1191 1559 unica
1221 1495 1256 1558 et
1285 1510 1354 1558 non

272 1630 393 1712 fallax,
410 1629 564 1700 adflictio
593 1636 659 1700 est.
687 1627 880 1720 Magnifice
898 1626 1102 1698 Demetrius
1120 1653 1127 1696 ;
1150 1631 1249 1697 Nilrit
1266 1630 1357 1695 ntibi

272 1774 413 1838 uidetur
430 1772 611 1855 infelicius
636 1789 686 1847 ec,
706 1771 764 1835 cui
781 1770 873 1835 nibil
894 1771 1009 1835 evcnit
1028 1770 1183 1838 adversi.
1205 1772 1240 1835 et
1256 1788 1351 1835 vere.

274 1924 355 1994 Non
373 1921 465 1992 enim
483 1920 595 2014 parcit
610 1920 807 2012 Imperator
822 1926 943 1989 noster
961 1919 1107 2000 talibus,
1131 1919 1192 1989 sed
1213 1918 1351 2001 diffidit;

274 2039 338 2132 nec
353 2060 525 2152 indulget,
543 2060 603 2131 sed
614 2058 732 2152 abjicit
748 2066 781 2128 et
799 2058 1005 2129 contemnit.
1024 2057 1194 2150 expungit
1211 2056 1354 2149 inquam

274 2206 367 2271 eosb
384 2200 563 2292 legionum
581 2221 726 2269 suarum
752 2198 920 2278 numeris,
958 2204 996 2267 ut
1015 2196 1164 2288 ignavos
1183 2196 1354 2289 quosdam

274 2346 309 2408 et
327 2337 498 2408 imbelles.

324 2861 509 2930 Postremo
527 2869 699 2954 praeeunt.
717 2860 800 2954 quia
812 2861 984 2932 bonorum
1003 2861 1039 2930 in
1058 2860 1217 2931 cladibus
1244 2859 1353 2930 robur

274 3006 309 3068 et
326 2998 508 3090 patientia,
530 2999 625 3070 velut
644 2998 762 3070 lumen
780 2999 956 3093 quoddam
978 3008 1033 3070 est
1055 2998 1244 3069 tenebrosa
1272 2998 1354 3069 huic

203 3193 205 3197 ,
274 3139 416 3208 mundo.
438 3139 577 3208 Vocant
602 3138 759 3230 exemplo
783 3161 845 3209 suo
869 3139 915 3208 ad
934 3139 1173 3221 eademaliOS,
1203 3145 1237 3210 et
1255 3137 1354 3208 velut

275 3274 420 3345 limitem
438 3275 556 3367 signat
582 3299 643 3369 per
662 3299 764 3370 quern
793 3285 889 3348 eant.
920 3278 1006 3348 Bias
1028 3279 1122 3349 bona
1145 3284 1180 3348 et
1202 3277 1353 3370 patriam

275 3410 393 3482 amisit
414 3437 421 3482 :
440 3412 501 3483 sed
516 3411 683 3484 inclamat
700 3413 807 3484 etiam
824 3414 928 3485 hodie
938 3415 1158 3497 mortalibus,
1178 3422 1215 3485 ut
1233 3418 1354 3484 ornain

274 3525 471 3620 suaderem
480 3562 638 3640 portent.
656 3551 818 3644 Regulus
833 3552 925 3622 inter
940 3559 1116 3622 tormenta
1130 3551 1220 3621 foede
1234 3550 1351 3643 periit.

276 3688 338 3758 sed
354 3687 440 3759 vivit
453 3690 663 3781 praeclarum
686 3689 773 3759 illud
791 3689 872 3759 fidei
900 3689 1110 3782 exemplum.
1134 3688 1354 3782 Papinianus

276 3833 297 3898 a
315 3830 483 3922 Tyranno
502 3829 651 3899 coeditur
673 3854 679 3898 :
698 3830 761 3899 sed
780 3828 913 3900 securis
931 3829 994 3898 illa
1011 3829 1238 3899 securitatem
1252 3827 1354 3897 nobis

276 3969 444 4061 imprimit
462 3992 524 4062 pro
542 3969 690 4039 lustitia
705 3970 888 4040 moriendi.
907 3969 1067 4062 Denique
1085 3976 1137 4039 tot
1152 3967 1273 4038 selecti
1287 3967 1353 4037 viri

277 4129 339 4199 per
355 4105 425 4175 vim
441 4113 475 4178 et
492 4105 655 4198 injuriam
670 4107 761 4198 pulsi
779 4115 840 4177 aut
854 4107 1027 4177 interfecti
1045 4132 1051 4176 :
1071 4107 1167 4176 sede
1184 4104 1270 4174 rivis
1284 4104 1355 4174 illis

278 4243 461 4334 sanguinis
480 4244 723 4314 Constantiam
750 4244 891 4315 cottidie
922 4244 1072 4315 bibimus
1102 4253 1137 4314 et
1167 4245 1347 4314 virtutem.
1390 4267 1395 4276 ·
