3262 5190
766 1359 870 1433 cAP.
895 1362 976 1433 Vll.

331 1602 414 1676 Quia
428 1603 472 1665 sit
484 1607 513 1664 ct
530 1602 694 1684 quotuplex
713 1604 792 1684 quod
812 1604 1022 1668 Constantiam
1038 1604 1147 1665 turbet.
1169 1605 1256 1666 Bona
1274 1609 1302 1666 ct
1318 1606 1406 1666 Mam

369 1731 494 1789 caterno
507 1743 576 1789 cscc.
590 1727 679 1789 Molo
690 1733 790 1790 aucam
804 1728 951 1806 duplicia,
964 1728 1093 1791 Publica
1103 1733 1131 1790 cc
1143 1729 1288 1791 Privato.
1298 1728 1352 1789 Ea
1365 1729 1407 1789 iio

365 1849 478 1928 oracio
492 1853 521 1911 ct
528 1849 701 1930 periculosa
710 1851 843 1913 monimo
853 1850 954 1912 cidari
970 1850 1107 1914 Publica.

376 2080 466 2152 Haeo
479 2103 558 2151 cum
572 2080 718 2153 dixisset
732 2082 890 2174 Longius
906 2104 988 2152 voce
1002 2088 1037 2153 et
1051 2082 1150 2153 vultu
1164 2081 1280 2152 acrior
1298 2083 1403 2173 quam

328 2218 477 2301 solebat,
499 2243 553 2290 me
575 2243 711 2314 quoque
738 2220 891 2292 scintilla
914 2221 1085 2314 corripuit
1105 2220 1188 2292 boni
1212 2220 1331 2313 ignis:
1354 2228 1401 2301 et,

329 2357 381 2427 Mi
403 2364 517 2450 pater,
538 2357 694 2450 inquam,
721 2357 817 2451 (vere
840 2381 911 2428 non
932 2357 1060 2429 blande
1084 2357 1134 2430 sic
1156 2365 1192 2430 te
1212 2358 1404 2452 appellem)

327 2495 395 2566 duc
420 2518 475 2566 mo
501 2518 568 2588 quo
596 2496 691 2566 voles
718 2504 753 2568 et
778 2497 877 2579 doce,
907 2497 1046 2589 corrige
1071 2505 1107 2569 et
1130 2497 1259 2599 dirige.
1294 2498 1405 2568 habes
1431 2570 1434 2576 ,

329 2655 463 2727 aegrum
482 2644 645 2729 paratum
663 2635 709 2706 ad
726 2658 864 2707 omnem
882 2628 1103 2720 medicinam,
1125 2637 1198 2710 siva
1216 2645 1255 2709 tu
1272 2638 1405 2708 ferrum

329 2773 466 2868 cogitas
481 2774 555 2846 sive
568 2774 699 2868 ignem.

378 3096 451 3164 Imo
471 3099 657 3185 utrumque
670 3093 816 3185 pariter,
833 3092 884 3163 ait
897 3091 1067 3184 Longius,
1084 3091 1168 3184 quin
1185 3097 1221 3162 et
1237 3090 1322 3161 alibi
1339 3091 1403 3161 sti·

328 3229 420 3324 pulae
437 3227 625 3299 exurendae
639 3227 796 3299 inanium
815 3227 1017 3320 opinionum
1035 3235 1129 3309 sunt,
1147 3237 1194 3311 et,
1216 3227 1302 3299 alibi
1322 3228 1403 3300 stir-

328 3389 389 3461 pes
403 3366 602 3438 adfectuum
615 3365 817 3437 excidendae
835 3365 880 3437 ab
899 3365 1029 3437 radice.
1049 3365 1120 3437 Sed
1135 3366 1404 3470 ambulamusne

327 3508 456 3579 etiami
475 3531 521 3578 an
539 3506 655 3601 potior
673 3505 954 3598 commodiorque
968 3527 1061 3576 nunc
1079 3505 1204 3577 sessio.

378 3828 509 3909 Sessio,
527 3827 669 3919 inquam
683 3847 761 3918 ege,
777 3833 931 3896 aestuare
945 3824 1036 3895 enim
1044 3824 1120 3917 jam
1133 3823 1262 3917 incipio
1276 3846 1345 3894 non
1358 3823 1402 3893 ab

327 3988 398 4036 una
416 3987 555 4037 caussa.

378 4104 533 4196 Cumque
552 4101 657 4174 sellas
676 4101 833 4194 Longius
851 4101 935 4172 ferri
962 4109 997 4172 et
1013 4102 1096 4196 poni
1115 4102 1151 4172 in
1170 4102 1292 4173 eodem
1311 4102 1402 4172 atrio

326 4241 501 4329 iussisset,
514 4248 549 4312 ot
556 4240 683 4334 jomim
698 4263 776 4310 aum
792 4240 1002 4311 assedissem
1020 4267 1026 4310 :
1045 4239 1104 4311 ille
1117 4241 1274 4334 paullum
1289 4242 1333 4312 ad
1348 4265 1402 4311 me
