3262 5190
777 455 962 517 -llt-

332 636 421 701 enim
446 634 517 724 ipso
538 635 580 700 iis
606 657 657 701 me
678 635 834 716 indicem,
858 656 1041 723 numquam
1065 637 1111 701 ita
1134 635 1231 703 eolles
1257 637 1305 703 illi
1335 638 1409 702 fou·

331 780 446 856 tesque
464 770 637 834 Musarum
650 776 756 835 totum
775 790 826 834 me
843 776 1024 856 ruperunt,
1046 778 1163 834 utnon
1177 761 1290 835 oculos
1303 770 1409 836 idem-

330 901 433 967 tidem
451 909 662 988 mentemque
679 900 866 967 reflexerim
883 900 925 966 ad
942 901 1139 966 severiorem
1157 902 1255 967 istam
1274 903 1404 968 Divam.

330 1032 579 1120 Philosophiam
595 1032 682 1110 dico,
701 1031 755 1120 cuj
760 1053 799 1097 us
812 1032 924 1098 studia
932 1033 1007 1120 jam
1023 1040 1097 1098 tum
1114 1036 1134 1098 a
1150 1054 1252 1121 puero
1265 1035 1313 1099 ita
1325 1036 1408 1101 mibi

316 1165 494 1254 placuere,
522 1174 561 1232 ut
580 1186 717 1253 peccare
737 1163 883 1252 juvenili
906 1164 1050 1252 quodam
1067 1165 1184 1232 ardore
1212 1166 1356 1246 viderer,
1376 1176 1409 1235 et
1483 1208 1485 1213 ,

328 1299 432 1366 fraeno
456 1307 555 1387 atque
576 1298 779 1365 inhibitione
804 1298 927 1365 fuerim
951 1298 1165 1365 coercendus.
1192 1299 1314 1367 Sciunt
1334 1322 1409 1389 pre·

329 1440 476 1520 ceptores
494 1432 572 1511 mei,
592 1432 650 1519 qui
672 1432 707 1496 in
728 1431 850 1497 Ubiis:
869 1452 1024 1497 excussos
1040 1430 1123 1496 mihi
1150 1430 1243 1497 velut
1262 1453 1320 1520 per
1340 1434 1407 1500 vim

327 1564 431 1630 libros
447 1585 502 1630 eos
518 1567 667 1630 omnese
690 1564 862 1646 manibus,
881 1571 913 1630 et
935 1564 1061 1651 scripta
1079 1564 1180 1629 etiam
1199 1566 1410 1631 Commenta·

329 1698 462 1786 riosque
482 1705 623 1785 ereptos,
639 1716 722 1785 quos
739 1695 901 1762 laboriose
920 1696 1128 1761 confeceram
1140 1717 1181 1761 ex
1198 1697 1289 1762 omni
1306 1697 1409 1763 inter-

329 1837 460 1917 pretum
484 1828 600 1896 classe.
625 1829 694 1895 Nec
716 1828 845 1894 mutavi
870 1837 1091 1916 sane-postca.
1111 1829 1155 1893 Et
1171 1829 1207 1894 in
1232 1831 1324 1895 omni
1347 1831 1409 1896 boc

328 1963 517 2029 studiorum
530 1984 644 2037 cursu,
660 1962 688 2027 si
703 1983 769 2028 non
788 1971 876 2028 recto
896 1963 1006 2048 rigore
1023 1969 1056 2027 et
1071 1961 1172 2039 linea,
1191 1969 1302 2028 tamen
1321 1963 1409 2029 flexu

328 2094 508 2162 tetendisse
525 2116 577 2161 me
594 2094 662 2161 scio
679 2093 721 2160 ad
737 2092 831 2160 illam
848 2095 1028 2182 Sapientiae
1044 2102 1178 2159 metam.

379 2777 447 2842 Neo
464 2775 497 2840 id
515 2796 555 2841 ea
570 2777 638 2853 via,
658 2797 725 2864 qua
740 2775 797 2842 hic
815 2774 1125 2864 philosophantium
1142 2776 1280 2864 vulgus,
1301 2778 1409 2865 quiin

330 2910 438 2998 spinis
463 2908 676 2995 argutiarum
696 2916 756 2973 aut
776 2906 906 2996 laqueis
931 2909 1156 2995 quaestionum
1184 2908 1270 2975 male
1292 2907 1408 2986 dediti,

332 3065 399 3109 non
416 3041 511 3108 aliud
524 3061 624 3129 quam
640 3039 757 3109 subtili
770 3040 914 3128 quodam
928 3040 1207 3129 disceptationum
1221 3040 1276 3108 filo
1292 3050 1411 3108 texunt

332 3197 388 3242 eas
404 3182 437 3240 et
453 3180 617 3240 retexunt.
643 3173 790 3239 Haerent
810 3172 845 3238 in
868 3174 990 3249 verbis,
1014 3181 1074 3239 aut
1099 3173 1325 3262 captiunculis
1347 3196 1353 3240 :
1379 3185 1412 3240 et

331 3317 462 3376 aetatem
477 3315 580 3373 totam
601 3308 636 3371 in
654 3306 747 3373 aditu
763 3306 985 3394 Philosophiae
1007 3316 1197 3385 versantur,
1212 3308 1315 3394 adyta
1337 3308 1411 3395 ejus

333 3462 517 3531 numquam
544 3440 670 3508 vident.
696 3440 830 3507 Habent
855 3457 929 3506 eam
960 3439 1317 3519 utoblectamentum,
1344 3463 1409 3507 non

333 3586 370 3644 ut
402 3575 586 3644 remedium
610 3599 617 3638 ε
641 3584 675 3639 et
702 3547 962 3640 instrumentum
995 3575 1072 3639 vitra
1098 3575 1242 3640 maxime
1271 3576 1407 3651 serium,

333 3714 467 3775 vertunt
491 3709 527 3772 in
548 3705 666 3772 ludum
684 3704 863 3793 quemdam
886 3727 1067 3792 nugarum.
1090 3707 1173 3783 Quis
1195 3728 1310 3773 eorum
1327 3707 1409 3773 mihi

333 3841 372 3905 de
389 3837 538 3903 moribus
554 3836 693 3922 quaerit?
711 3836 787 3921 quis
805 3836 956 3903 adfectus
974 3840 1158 3926 temperat?
1179 3839 1253 3926 quis
1278 3840 1408 3916 timori,

334 3973 409 4059 quis
426 3969 494 4057 spei
513 3976 635 4033 metam
650 3967 817 4053 pauitant
833 3969 990 4035 modum?
1007 3969 1096 4047 Quin
1113 3971 1195 4036 adeo
1211 3970 1253 4036 ad
1271 3970 1411 4058 Sapien-

334 4105 417 4168 tiam
440 4108 587 4189 spectare
608 4097 677 4163 hac
701 4119 768 4163 non
790 4099 1026 4166 arbitrantur:
1057 4109 1094 4166 ut
1118 4101 1210 4168 aliud
1239 4112 1297 4168 aut
1326 4101 1412 4168 nibil

335 4259 435 4324 agere
447 4259 501 4301 eos
515 4242 681 4308 censeant,
698 4233 802 4320 quiid
817 4242 937 4319 agunt.
953 4235 1068 4328 ltaque
1082 4237 1183 4300 vitam
1201 4257 1326 4318 eorum,
1342 4237 1412 4302 sivo
