3262 5190
778 496 962 561 -182-

777 771 881 844 CAP.
911 773 959 844 X.

330 1013 459 1086 Querela
478 1029 544 1074 meo
563 1012 598 1074 dc
614 1013 818 1094 increpatione
838 1015 957 1095 Loupii
976 1021 1039 1077 tom
1060 1014 1166 1092 litero,
1186 1016 1238 1077 sed
1254 1017 1408 1091 additum,

366 1137 547 1217 Philosophi
560 1136 594 1197 id
604 1154 716 1200 munus
726 1154 795 1199 esse.
814 1138 948 1202 Coretus
962 1139 1033 1200 item
1048 1138 1211 1217 refutandi
1221 1141 1382 1220 superiora
1398 1163 1406 1199 :

368 1263 397 1322 et
409 1259 551 1340 oiiiputio
563 1264 717 1349 umorque,
729 1261 783 1340 qui
798 1261 832 1322 in
840 1263 989 1342 putrium.

265 1490 272 1500 ⁸
374 1463 477 1534 Acris
501 1463 585 1534 mihi
603 1463 680 1535 visa
696 1463 810 1558 prima
832 1464 911 1535 haec
926 1463 1098 1547 volitatio,
1120 1473 1223 1559 quam
1241 1466 1406 1559 interpel-

324 1600 416 1682 lans,
441 1600 528 1677 Quae
555 1600 625 1670 ista
643 1623 844 1673 sermonum
861 1600 1021 1685 libertas,
1045 1601 1115 1673 imo
1133 1603 1309 1674 acerbitas
1330 1606 1406 1675 est'l

324 1737 479 1830 inquam.
504 1737 555 1807 sic
572 1736 727 1819 vellicas,
750 1737 800 1809 sic
820 1739 969 1832 pungist
988 1740 1068 1810 Iure
1086 1763 1165 1810 cum
1184 1740 1354 1833 Euripide
1370 1749 1406 1811 te

325 1875 543 1969 compellem,

676 2051 712 2124 μὴ
730 2049 848 2106 νοσοῦντί
862 2070 907 2124 μοι
920 2049 996 2106 νόσον

550 2154 662 2231 προθῇς,
679 2151 736 2216 ἃλις
754 2154 805 2230 γὰρ
819 2159 942 2230 συμφορᾷ
960 2152 1117 2230 βαρύνομαι.

371 2361 529 2453 Longius
542 2360 716 2442 arridens,
733 2361 876 2453 Ergone
889 2366 927 2431 tu
941 2360 1149 2442 crustulum,
1166 2360 1291 2454 iuquit,
1308 2366 1330 2431 a
1348 2384 1403 2431 me

321 2507 382 2570 aut
399 2499 550 2570 mulsum
568 2499 752 2592 expectas'l
771 2498 869 2592 atqui
889 2497 1022 2570 ferrum
1040 2499 1158 2592 paullo
1176 2507 1258 2570 ante
1280 2522 1402 2592 posce-

320 2637 385 2708 bas
399 2644 434 2707 et
448 2636 578 2728 ignem.
596 2635 642 2706 Et
661 2643 767 2705 recte.
786 2633 1041 2728 Philosophum
1055 2635 1147 2706 enim
1160 2635 1274 2719 audis,
1288 2637 1399 2730 Lipsi,

321 2800 391 2847 non
404 2775 596 2856 tibicinem,
610 2774 665 2845 cui
680 2773 806 2845 dooere
819 2775 1052 2867 propositum,
1070 2798 1141 2846 non
1155 2775 1282 2846 ducere
1299 2801 1306 2846 :
1323 2798 1403 2869 pro·

320 2917 435 2999 desse,
452 2939 522 2988 non
533 2894 692 3009 placere.
711 2914 760 2984 Ut
773 2912 906 3007 pudeas
925 2921 960 2984 et
973 2920 1011 2985 ut
1029 2914 1158 2985 rubeas
1172 2914 1278 2996 male,
1295 2938 1399 3008 quam

319 3059 358 3124 ut
376 3052 493 3122 rideas
516 3077 522 3120 :
550 3059 588 3121 ut
608 3049 794 3143 poeniteas
820 3071 923 3141 quam
943 3057 981 3120 ut
1003 3049 1169 3121 exsultes.
1196 3053 1347 3142 Ιάτρεῖον,
1373 3048 1398 3117 ὧ

319 3189 435 3280 ἄνδρες,
463 3190 498 3254 τὸ
522 3213 576 3253 του
599 3183 764 3280 φιλοσόφου
793 3182 930 3279 χολεῖον,
951 3184 1127 3256 clamabat
1149 3185 1233 3256 olim
1250 3186 1393 3259 Rufus:

319 3339 387 3411 quo
406 3314 570 3386 sanitatis
588 3336 714 3384 caussa
732 3313 966 3395 concurritur,
984 3335 1055 3384 non
1071 3313 1278 3407 voluptatis
1299 3316 1397 3387 Nihil

319 3455 440 3550 palpat
456 3453 516 3524 ille
534 3452 701 3537 medicus,
722 3451 809 3522 nihil
823 3450 1003 3523 blanditur
1020 3477 1027 3522 :
1045 3451 1107 3522 sod
1121 3460 1295 3545 penetrat,
1312 3478 1398 3548 pun-

319 3595 383 3689 git,
396 3593 502 3675 radit‚
515 3600 550 3664 et
563 3591 635 3662 acri
650 3590 801 3684 quodam
815 3611 1016 3660 sermonum
1031 3588 1105 3659 sale
1119 3589 1243 3661 sordes
1261 3591 1397 3662 abster-

318 3741 379 3826 get
405 3732 613 3803 animorum.
643 3729 765 3821 ltaque
786 3750 830 3798 ne
856 3727 891 3796 in
910 3734 1089 3819 posterum
1108 3727 1260 3820 quidem,
1282 3728 1392 3823 Lipsi,

319 3894 420 3942 rosas
436 3869 566 3962 cogita,
583 3888 771 3946 sesamum,
789 3873 850 3936 aut
863 3887 1035 3958 papanem
1057 3863 1118 3935 sed
1133 3865 1266 3958 spinas,
1288 3864 1391 3947 sicas,

318 4007 542 4102 absynthium
561 4013 596 4075 et
613 4013 761 4074 acetum.
