3262 5190
731 482 912 545 -990-

287 667 440 740 tuentur,
462 668 500 730 ut
527 661 623 732 nulla
642 669 753 732 mater
781 685 882 731 suum
909 668 1068 753 gnatum.
1090 663 1139 734 Hi
1157 669 1250 744 suut,
1279 688 1363 757 quo·

267 856 268 860 ,
287 789 499 860 rumlitterae
514 789 549 859 in
564 791 764 871 Thraciam.
779 793 969 880 Graeciam‚
981 792 1117 862 Indiam
1133 793 1356 864 discurrunt:

285 928 388 1021 idque
419 928 560 999 seminis
591 929 708 1021 exigui
738 937 799 1023 aut
825 930 960 1001 bulbuli
984 953 1105 1000 causa.
1137 931 1197 1009 Hi,
1234 913 1363 1024 quibus

286 1066 417 1157 aegrius
434 1066 479 1136 sit
496 1067 618 1136 florem
638 1065 789 1160 aliquem
809 1089 937 1136 novum
962 1067 1064 1147 mori.
1086 1091 1191 1160 quam
1204 1076 1360 1139 veterem

286 1205 448 1275 amioum.
489 1206 689 1275 Romanum
724 1205 821 1274 illum
852 1205 970 1275 riserit
1004 1205 1152 1298 aliquis,
1186 1207 1244 1299 qui
1284 1205 1356 1300 pis-

284 1367 358 1413 oem
377 1367 478 1413 suum
496 1351 632 1414 atratus
653 1343 766 1413 luxit?
793 1343 850 1412 isti
874 1343 1043 1435 plantam.
1060 1345 1141 1414 Jam
1164 1345 1194 1413 si
1217 1345 1294 1437 quis
1317 1369 1359 1415 ex

284 1483 339 1552 his
358 1483 475 1552 Florae
494 1482 691 1553 candidatis
710 1482 834 1552 novius
859 1483 990 1575 aliquid
1009 1491 1070 1553 aut
1089 1484 1206 1553 rarius
1234 1492 1358 1554 nactus

283 1627 349 1699 est,
391 1627 428 1688 ut
465 1620 652 1689 ostentat!
689 1627 728 1688 ut
758 1619 818 1688 alii
850 1619 1097 1713 competitores
1121 1619 1354 1697 aemulantur,

284 1758 457 1829 invident!
489 1765 507 1827 ὸ
543 1758 668 1852 quibus
699 1781 768 1828 nou
807 1782 909 1829 nemo
945 1758 1080 1858 tristior
1114 1759 1255 1829 domum
1287 1758 1357 1829 dis-

283 1895 386 1976 cedit,
408 1918 511 1989 quam
530 1896 613 1966 olim
631 1897 667 1966 in
683 1897 857 1967 Praeturae
873 1897 1038 1989 petitione
1052 1896 1164 1967 victus
1179 1897 1279 1968 Sulla
1296 1905 1358 1966 aut

176 2036 177 2040 ’
282 2034 485 2105 Marcellus.
516 2035 607 2111 Quid
625 2036 763 2106 dicam?
782 2036 850 2106 nisi
875 2035 1024 2105 hilarem
1049 2035 1140 2104 hano
1170 2035 1357 2127 quamdam

280 2173 454 2243 insaniam
476 2196 553 2244 esse
575 2199 582 2244 :
606 2197 669 2244 nec
695 2173 889 2244 absimilem
916 2173 966 2243 illi
993 2196 1193 2265 puerorum,
1224 2172 1357 2266 pallen-
1396 2201 1400 2207 ·

280 2313 366 2382 tium
382 2322 416 2383 et
429 2312 618 2383 rixantium
632 2312 725 2383 circa
738 2334 850 2404 pupas
865 2335 948 2381 suas
962 2319 997 2381 et
1007 2311 1147 2403 sigillat
1159 2312 1205 2381 At
1219 2335 1356 2390 eorum-

281 2458 359 2527 dem
373 2457 582 2527 industriam
599 2458 635 2527 in
653 2457 766 2528 hortis
784 2457 890 2527 etiam
909 2479 1096 2548 cognosce.
1121 2457 1266 2538 Sedent,
1288 2457 1355 2527 cir-

279 2597 553 2679 cumambulant,
575 2598 742 2679 oscitant,
772 2597 961 2667 dormiunt.
989 2620 1053 2667 noo
1080 2597 1188 2668 aliud.
1210 2619 1356 2689 prorsus

279 2745 409 2807 utnon
436 2737 496 2807 otii
520 2738 572 2807 sui
599 2761 774 2810 secessum
798 2737 890 2809 hunc
917 2737 1087 2816 habeant,
1118 2736 1181 2806 sed
1206 2736 1352 2807 desidiae

279 2875 513 2966 sepulchrum.

324 3643 516 3712 Prosanum
530 3642 657 3735 genus!
681 3651 715 3712 et
734 3666 821 3736 quos
833 3641 915 3735 jura
930 3664 1069 3711 aroeam
1084 3641 1129 3710 ab
1145 3640 1256 3732 orgiis
1274 3639 1348 3710 veri

275 3778 463 3872 arcanique
481 3780 585 3849 horti.
613 3802 714 3872 quem
734 3780 903 3850 modestae
921 3779 1093 3873 voluptati
1112 3786 1234 3848 natum
1262 3778 1346 3856 seio.

274 3941 343 3988 uon
367 3920 513 3990 vanitati
536 3946 542 3989 :
569 3920 690 4013 quieti,
717 3943 786 3990 non
809 3921 956 4013 torpori.
978 3920 1033 3990 An
1052 3942 1118 4011 ego
1150 3930 1222 3990 tam
1245 3919 1346 3999 levis,

272 4080 373 4150 quem
393 4058 515 4127 offerat
533 4066 594 4128 aut
612 4058 787 4150 deprimat
810 4058 958 4129 herbula
980 4058 1099 4151 aliqua
1126 4057 1255 4137 rarior,
1277 4057 1349 4126 sive

273 4197 402 4287 adepta
416 4195 488 4265 sive
506 4196 659 4266 amissa?
679 4196 752 4265 lmo
772 4196 909 4266 aestimo
922 4220 977 4266 res
993 4197 1065 4265 suis
1080 4196 1203 4288 pretiis
1222 4220 1229 4265 :
1247 4203 1283 4265 et
1296 4218 1350 4265 sa·
