3262 5190
743 462 924 527 -aal-

295 641 397 735 culpa
415 648 509 723 suut,
532 642 592 713 alii
611 642 647 711 in
664 666 782 736 poena.
805 645 908 739 idque
934 645 1022 715 adeo
1045 644 1196 716 intendit
1217 645 1371 717 humanu

295 781 444 862 saevitia,
462 788 501 852 ut
514 781 598 852 latae
612 781 711 874 leges
725 782 808 864 siut,
820 807 899 876 quae
914 783 1076 854 innoxios
1090 783 1221 854 liberos
1236 792 1372 855 aterna

293 921 623 1014 egestatepuniaut,
635 932 672 991 ut
686 945 782 991 mors
793 928 839 993 sit
852 928 904 992 cis
917 929 1091 1005 solatium,
1106 934 1139 993 et
1152 929 1224 994 cita
1237 929 1370 1012 suppli-

194 1062 197 1069 '
293 1064 400 1130 cium.
428 1061 578 1154 Maligni
603 1062 711 1133 rastri
738 1062 864 1134 animi!
892 1063 968 1154 regi
994 1034 1098 1133 alicui
1123 1071 1185 1133 aut
1209 1062 1371 1157 dynastae

294 1195 400 1268 licere
426 1198 462 1268 id
480 1200 599 1281 vultis,
623 1223 691 1269 nou
706 1199 811 1270 vultis
829 1200 908 1271 deo.
945 1199 1008 1271 Cui
1027 1206 1158 1281 tamen,
1183 1199 1211 1269 si
1240 1198 1371 1269 exami-

265 1378 283 1402 a
296 1358 373 1416 nas,
395 1334 490 1406 haud
508 1337 627 1429 paullo
639 1337 771 1431 justior
785 1339 985 1409 severitatis
999 1338 1102 1432 hujus
1120 1360 1259 1408 caussa.

346 1958 576 2029 Peccavimus
602 1957 708 2040 enim,
729 1965 764 2028 et
790 1954 939 2028 rebelles
966 1977 1094 2048 magno
1113 1955 1194 2027 huic
1212 1955 1287 2047 regi
1306 1955 1371 2025 fui·

297 2119 374 2167 mus
399 2096 434 2166 iu
457 2119 527 2166 uno
545 2118 666 2166 omues
689 2121 696 2166 :
719 2104 754 2166 et
772 2118 834 2188 per
851 2102 904 2166 tot
922 2094 1084 2188 stirpium
1104 2094 1280 2175 traduces,
1301 2073 1372 2185 pri·

295 2234 460 2326 mogenia
479 2232 541 2303 illa
562 2233 701 2303 macula
722 2240 920 2326 propagata
938 2234 982 2302 ad
1001 2231 1158 2302 infelices
1180 2244 1296 2302 natos,
1319 2232 1373 2300 lta

297 2397 407 2444 nexus
425 2382 460 2444 et
473 2380 598 2444 catena
611 2374 772 2466 quaedam
786 2373 864 2443 haec
877 2373 1060 2443 criminum
1076 2395 1195 2443 coram
1209 2371 1274 2442 deo
1289 2380 1343 2443 est
1361 2396 1367 2440 :

295 2532 359 2580 nec
377 2532 535 2602 peccare,
558 2510 706 2603 exempli
725 2533 865 2595 caussa,
888 2519 989 2604 pater
1007 2534 1105 2582 meus
1124 2518 1185 2582 aut
1203 2520 1284 2581 tuus
1296 2509 1371 2603 jam

296 2648 414 2741 coepit,
433 2649 495 2719 sed
512 2656 652 2743 patrum
670 2673 791 2721 omnes
805 2657 938 2743 patres.
957 2649 1048 2728 Quid
1070 2671 1157 2742 ergo
1176 2648 1316 2731 mirum,
1340 2647 1370 2718 si

296 2786 396 2880 punit
421 2787 456 2857 in
488 2787 639 2880 posteris
667 2810 738 2858 non
768 2788 910 2882 proprie
945 2788 1087 2859 diversa
1125 2786 1266 2866 delicta,
1309 2785 1370 2856 sed

296 2926 538 2998 communione
569 2927 721 3021 quadam
756 2928 899 2998 seminis
928 2928 1065 3022 juncta,
1104 2951 1168 2998 nec
1207 2947 1371 3018 umquam

297 3065 526 3136 intermissa?

346 3351 415 3422 Sed
435 3359 473 3423 ut
490 3350 650 3422 omittam
667 3350 745 3422 haec
763 3349 940 3432 sublimia,
957 3359 992 3422 et
1011 3373 1115 3443 agam
1130 3360 1245 3422 tecum
1259 3349 1371 3442 magis

234 3462 239 3469 Ι
296 3490 457 3585 populari
476 3490 627 3584 quadam
651 3489 827 3560 rationum
844 3488 930 3560 via:
956 3490 1022 3560 hoc
1044 3490 1144 3560 scito.
1168 3490 1272 3560 deum
1290 3512 1371 3560 con-

290 3630 455 3724 jungere,
469 3653 547 3724 quae
562 3652 626 3700 nos
636 3652 698 3722 per
712 3628 985 3699 imbecillitatem
999 3635 1060 3700 aut
1069 3627 1282 3722 imperitiam
1300 3627 1372 3698 dis·

296 3792 463 3862 paremus
485 3795 492 3840 :
514 3778 549 3842 et
567 3770 732 3852 familias,
761 3768 902 3864 oppida,
925 3790 1046 3860 regna,
1075 3791 1145 3839 nou
1171 3776 1209 3840 ut
1233 3767 1371 3838 varium

296 3909 462 4002 quiddam
476 3910 604 3980 intueri
622 3920 685 3981 aut
702 3909 897 3986 confusum,
916 3907 977 3977 sed
992 3915 1030 3978 ut
1044 3929 1170 4000 corpus
1188 3915 1370 3979 naturam·

296 4069 362 4140 que
376 4070 494 4120 uuam.
514 4046 714 4139 Scipionum
737 4045 799 4116 illa
816 4053 878 4116 aut
896 4045 1079 4117 Caesarum
1099 4044 1246 4127 familia,
1264 4067 1371 4116 unum

294 4187 344 4258 illi
363 4194 417 4257 est
443 4212 450 4256 :
481 4186 645 4267 Romana
667 4191 728 4254 aut
745 4183 864 4255 Attica
888 4184 985 4265 urbs,
1007 4184 1052 4255 ab
1071 4183 1165 4254 omui
1192 4206 1256 4254 suo
1276 4205 1367 4264 aevo,
