3262 5190
725 542 765 552 ...
786 506 847 568 29ss
869 539 908 550 .-

279 692 430 764 recondo
452 719 459 763 :
483 715 561 785 quae
580 699 743 785 prompta
761 691 845 762 mihi
863 715 944 761 mox
967 697 1090 762 contra
1116 690 1184 760 vim
1204 691 1355 761 varieta-

280 837 416 922 temque
438 829 621 900 Fortunae.
643 830 742 899 Intra
769 852 845 899 eam
874 828 1009 922 quoties
1029 829 1152 920 pedem
1174 829 1354 923 penetravi

278 990 440 1037 emanere
453 966 540 1037 viles
555 966 902 1059 omuesservilesque
920 988 1024 1036 curas
1035 965 1143 1058 jubeo
1166 991 1172 1035 :
1188 972 1223 1035 et
1238 975 1355 1036 erecto

278 1115 445 1199 quantum
462 1106 544 1176 licet
557 1107 684 1200 capite,
702 1107 819 1177 studia
834 1106 992 1200 profanae
1008 1104 1119 1199 plebis
1134 1104 1302 1197 dcspinin,
1321 1114 1355 1175 et

278 1265 444 1335 magnum
462 1244 528 1314 hoc
552 1244 589 1313 in
613 1245 718 1314 rubus
736 1244 916 1314 hominum
938 1243 1055 1313 inane.
1079 1241 1266 1312 Hominem
1284 1241 1354 1311 imo

276 1381 390 1473 ipsum
421 1405 550 1452 exuere
569 1382 653 1452 mihi
683 1382 816 1464 videor,
855 1389 891 1453 et
923 1382 958 1451 in
993 1381 1103 1451 altum
1138 1379 1215 1472 rapi
1239 1380 1354 1471 igneis

277 1519 469 1612 Sapientiae
500 1518 697 1612 quadrigis.
728 1519 784 1589 An
802 1519 874 1590 illic
900 1519 982 1610 augi
1012 1541 1066 1588 mc
1090 1540 1226 1598 censue,
1263 1517 1345 1610 quid

276 1656 398 1738 Celtae,
420 1656 502 1748 quid
516 1656 688 1728 'Celtiberi
711 1656 923 1727 moliantur?
951 1656 1029 1750 quis
1053 1665 1229 1749 sceptrum
1264 1655 1350 1725 Bel-

275 1796 364 1888 gicae
382 1804 514 1878 teneat,
536 1803 598 1867 aut
616 1798 782 1869 amittatt
805 1797 904 1868 Asine
926 1805 1099 1892 tyrannus
1117 1797 1230 1867 classe
1249 1796 1350 1867 nobis

274 1943 335 2007 aut
353 1943 449 2007 terra
467 1936 640 2008 minetur?
659 1945 720 2008 aut
739 1937 888 2031 denique

671 2160 731 2176 .....
749 2116 825 2193 quid
839 2114 894 2174 sub
909 2120 994 2173 arcto

524 2231 592 2290 Itur
610 2231 724 2308 qettdae
744 2230 909 2288 meditetur
930 2248 992 2288 orae
1005 2229 1021 2285 ἰ)

274 2449 371 2519 Nihil
391 2448 528 2519 horum.
550 2449 704 2519 munitus
721 2457 757 2519 et
775 2449 916 2519 clausus
935 2455 1058 2519 contra
1076 2455 1235 2530 externa,
1257 2447 1352 2519 intra

275 2611 330 2658 me
344 2594 467 2658 maneo
490 2613 496 2658 :
526 2591 547 2658 a
565 2588 657 2658 curis
676 2588 837 2658 omnibus
856 2610 1000 2658 securus
1018 2593 1149 2679 praeter
1170 2610 1290 2669 unam,
1311 2595 1353 2657 ut

273 2729 423 2799 fractum
442 2728 693 2821 subactumque
711 2728 803 2798 hunc
829 2727 984 2798 animum
1010 2734 1116 2796 rectae
1144 2726 1292 2798 Ratioui
1310 2749 1351 2796 ac

274 2872 348 2941 Deo
374 2869 568 2962 subjiciam,
603 2876 638 2939 et
669 2869 785 2939 animo
816 2878 965 2939 caeteras
995 2890 1052 2937 res
1082 2865 1269 2939 humanas.
1303 2870 1352 2939 Ut

274 3001 562 3094 quandocumque
581 3001 700 3071 fatalis
716 3001 775 3071 ille
797 3009 832 3071 et
850 3025 947 3072 meus
970 3001 1045 3072 dies
1063 3002 1212 3085 venerit,
1234 3003 1351 3074 fronte

274 3139 467 3231 compositu
479 3163 543 3208 nec
558 3147 703 3208 maestus
718 3163 796 3208 eum
811 3139 1001 3232 excipiam:
1020 3142 1213 3236 abeamque
1228 3165 1271 3213 ex
1285 3142 1352 3212 hac

272 3275 345 3346 vita
368 3301 437 3347 non
464 3285 502 3347 ut
520 3277 663 3370 ejectus,
687 3275 748 3346 sed
780 3283 817 3347 ut
844 3278 1006 3350 emissus.
1039 3282 1127 3351 Haec
1154 3282 1349 3373 muginatio

273 3437 351 3484 mea
368 3415 404 3484 in
426 3416 551 3494 hortis,
577 3416 688 3510 Lipsi‚
718 3417 753 3486 hi
780 3417 927 3489 fructus,
955 3442 1041 3511 quos
1067 3443 1137 3490 nou
1155 3427 1350 3512 permutem

272 3554 448 3649 (quamdiu
458 3578 545 3626 sana
555 3557 638 3626 mihi
654 3557 763 3650 mens)
778 3580 855 3627 curn
870 3557 963 3626 omui
978 3579 1065 3648 gaza
1080 3559 1272 3627 Persarum
1289 3566 1350 3627 aut

274 3692 452 3763 ludorum.
541 3750 543 3754 »
