3262 5190
735 527 771 536 -
797 491 857 553 374
881 526 918 536 -

288 670 352 741 tibi
371 671 494 741 morti!
518 671 677 742 Videon
700 694 790 742 vane
819 696 939 743 vocem
963 697 1163 767 supremam
1186 682 1222 746 et
1247 683 1370 747 votum

289 810 375 881 illud
394 809 563 880 efflaverit
580 811 713 881 Brutus
727 810 800 904 jam
815 810 969 881 moriens
990 837 998 883 :

521 994 582 1067 Ζεῦ,
602 994 715 1071 putrium
734 1017 762 1052 σε
781 1003 834 1052 τῶν
853 993 875 1051 δ’
892 997 920 1058 8<
939 993 1014 1052 αἴτιω
1034 1005 1135 1055 κακῶν.

336 1194 416 1264 Nou
438 1192 530 1263 enim
548 1192 651 1263 latuit
666 1192 835 1289 profesto,
857 1215 925 1262 non
945 1192 1081 1285 effugit.
1103 1216 1173 1264 non
1195 1193 1279 1265 item
1306 1194 1369 1265 ille
1401 1286 1404 1293 ί

287 1332 377 1404 alter
390 1333 472 1413 dux,
490 1331 548 1424 qui
566 1354 706 1423 poenam
719 1330 927 1424 juvenilium
942 1333 1113 1403 scelerum
1133 1356 1202 1404 non
1217 1333 1369 1405 obscure

279 1469 321 1542 ¹in
346 1497 382 1544 se
410 1471 488 1554 luit,
510 1480 545 1542 et
571 1471 701 1542 clarius
723 1471 759 1540 in
786 1471 881 1542 omni
906 1495 972 1542 sua
997 1472 1120 1566 stirpe.
1147 1473 1201 1544 Sit
1223 1473 1306 1543 felix
1331 1488 1368 1545 et

286 1635 435 1704 magnus
461 1612 596 1693 caesar,
618 1619 653 1681 et
670 1634 753 1681 vere
773 1612 957 1703 Augustus
983 1636 990 1683 :
1022 1613 1082 1683 sed
1109 1612 1219 1684 filium
1246 1621 1366 1686 tamen

244 1855 246 1858 y
284 1752 305 1823 J
311 1753 417 1822 uliam
435 1751 578 1833 habeat,
601 1751 663 1822 sed
678 1760 831 1844 neptem.
852 1762 999 1846 nepotes
1019 1752 1109 1824 alios
1127 1776 1190 1846 per
1204 1753 1366 1824 fraudem

284 1916 347 1986 per
361 1892 430 1962 vim
449 1892 600 1972 amittat,
622 1891 711 1962 alios
727 1891 877 1963 abdicet.
896 1902 931 1963 et
949 1892 1073 1963 horum
1089 1893 1209 1974 taedio,
1232 1896 1367 1987 quatri·

284 2034 400 2104 duone
414 2032 531 2103 inedia
549 2033 637 2103 mori
656 2033 753 2114 volit,
776 2056 840 2104 neo
858 2034 979 2126 possit.
1004 2033 1152 2127 denique
1167 2057 1244 2104 cum
1261 2036 1366 2106 Livia

284 2196 349 2244 sua
372 2173 479 2253 vivat,
509 2172 601 2242 foede
623 2172 741 2254 ductu,
764 2173 856 2243 foede
884 2181 1021 2244 retenta
1051 2199 1058 2243 :
1086 2180 1121 2243 et
1137 2196 1241 2267 quern
1267 2176 1364 2268 turpi

283 2336 403 2384 amore
428 2312 504 2404 ipse
534 2311 650 2405 periit,
684 2312 776 2405 turpi
809 2322 921 2382 morte
957 2334 1019 2405 per
1045 2335 1123 2382 eam
1149 2321 1282 2405 pereat.
1318 2320 1363 2383 In

280 2473 434 2530 surrento,
465 2448 577 2541 inquit
608 2448 764 2530 Plinius,
796 2453 883 2518 deus
912 2455 985 2529 itte,
1019 2455 1208 2537 cretumque
1244 2457 1363 2522 nescio

281 2595 428 2678 adeptus
458 2595 576 2678 rrtupz's
613 2613 659 2659 on
690 2595 854 2670 meritus,
891 2594 1018 2659 herede
1051 2595 1159 2659 hostis
1191 2596 1249 2659 sui
1285 2596 1363 2678 filio

279 2732 438 2799 excedat.

330 3018 418 3089 Haec
434 3019 590 3111 taliaque
604 3019 806 3110 cogitanda,
827 3019 937 3112 Lipsi‚
956 3024 1032 3089 oum
1052 3017 1196 3111 querela
1209 3017 1271 3087 iila
1288 3016 1359 3087 iui-

279 3156 423 3247 quitatis
447 3156 625 3248 erumpit:
648 3165 682 3227 et
705 3158 750 3227 ad
776 3158 844 3228 duo
870 3180 1008 3250 semper
1033 3157 1203 3228 vertenda
1220 3180 1320 3228 mens
1348 3184 1354 3228 :

278 3293 497 3364 Tarditatem
517 3293 678 3387 supplicii
697 3304 732 3366 et
746 3295 978 3366 Varietatem.
1001 3297 1081 3367 Non
1100 3296 1244 3388 punitur
1263 3319 1360 3366 nuno

277 3434 357 3504 illet
377 3455 491 3505 mane.
518 3433 695 3526 punietur.
721 3434 802 3505 Non
821 3433 857 3504 in
879 3435 1045 3525 corporet
1066 3434 1127 3525 sed
1149 3434 1301 3506 sortasse
1319 3435 1358 3505 in

276 3575 406 3646 animo.
424 3576 506 3646 Non
519 3575 640 3647 vivust
656 3577 717 3647 sed
732 3584 826 3647 certe
840 3583 1013 3652 mortuus

515 3769 688 3848 Nunquam
704 3772 934 3829 oriteredentern
953 3771 1111 3829 scelestum

571 3891 712 3952 Deseruit
723 3892 801 3969 pede
811 3911 907 3968 paenu
919 3892 1042 3952 ctutrdo.

274 4085 410 4179 Vigilat
428 4085 520 4155 enim
539 4108 676 4178 semper
691 4084 830 4156 divinus
850 4085 906 4156 ille
924 4086 1046 4156 oculus
1068 4110 1075 4156 :
1103 4093 1138 4156 et
1163 4109 1242 4156 cum
1269 4084 1353 4156 dor-

273 4223 360 4294 mire
378 4246 457 4293 eum
476 4245 610 4306 censes
632 4223 806 4294 connivet.
834 4224 887 4294 Tu
905 4231 1042 4296 tuntum
1061 4248 1185 4318 aequus
1211 4224 1246 4295 in
1270 4248 1352 4296 eum
1417 4294 1420 4299 .
