3262 5190
782 463 967 526 -380-
1078 514 1084 521 .

332 653 450 718 tamen
468 644 600 738 aliquid
615 643 672 715 hic
688 667 779 726 esse,
797 667 861 716 nec
875 645 1044 738 iniquum.
1062 644 1144 713 Non
1159 643 1289 713 malum
1307 667 1313 712 :
1332 641 1414 735 quia

333 785 474 855 illorum
492 783 647 877 ipsorum
667 782 835 866 bonosit,
854 783 912 877 qui
931 782 1151 875 castigantur
1169 780 1288 852 statim
1308 779 1363 850 vel
1377 779 1414 848 in

333 921 485 993 minimis
504 921 618 992 noxis.
636 919 785 992 Dilectio
800 920 862 991 illa
884 920 1004 991 divina
1023 926 1077 991 est
1098 945 1104 990 :
1127 928 1162 990 et
1174 918 1255 1011 jure
1276 940 1414 1010 semper

334 1068 497 1154 suspecta
523 1058 688 1140 tarditas,
710 1057 765 1129 cui
792 1057 935 1151 gravior
961 1057 1103 1128 Punitio
1131 1056 1303 1128 adhaeret.
1332 1057 1414 1126 Non

333 1200 417 1270 item
436 1198 592 1292 iniquum
611 1223 618 1268 :
633 1197 715 1291 quia
729 1221 881 1290 poenam,
902 1204 940 1266 ut
955 1196 1039 1277 dixi,
1056 1218 1178 1267 omnes
1193 1195 1384 1269 meruimus
1402 1221 1409 1264 :

334 1362 397 1410 nec
412 1361 577 1432 umquam
595 1338 650 1408 vel
669 1337 704 1407 in
719 1335 860 1430 optimis
879 1336 941 1406 illa
958 1335 1107 1429 puritas,
1126 1342 1165 1406 ut
1178 1358 1248 1405 non
1264 1335 1413 1405 maculae

334 1478 462 1571 aliquae
475 1477 653 1571 supersint
666 1477 763 1548 salsa
776 1476 843 1547 hac
857 1499 949 1569 aqua
963 1475 1115 1547 cladium
1128 1475 1224 1546 velut
1238 1474 1410 1546 eluendae.

334 1617 585 1697 Quamobrem,
612 1617 830 1697 adolescens,
859 1616 958 1687 mitte
984 1615 1076 1686 hanc
1103 1616 1146 1685 de
1175 1613 1412 1684 aestimatione

335 1775 507 1824 noxarum
526 1752 827 1824 intricatissimam
841 1753 951 1834 litem,
968 1761 1006 1824 tu
1024 1753 1203 1824 terrestris
1222 1752 1414 1846 pedaneus·

333 1912 400 1981 que
413 1889 523 1982 judex
545 1915 552 1960 :
570 1890 636 1961 deo
649 1890 825 1984 permitte,
843 1889 901 1984 qui
917 1889 1004 1962 haut
1018 1890 1137 1984 paullo
1155 1889 1291 1983 aequius
1310 1890 1354 1960 de
1372 1913 1415 1960 ea

334 2028 532 2122 certiusque
562 2034 581 2098 e
609 2028 791 2122 superiore
819 2029 985 2100 tribunali
1019 2036 1221 2122 cognoscet.
1260 2028 1324 2098 Ille
1359 2039 1413 2098 est

334 2165 443 2247 solus,
465 2166 523 2259 qui
543 2166 669 2237 merita
687 2174 805 2259 potest
822 2167 1018 2260 expendere
1040 2192 1047 2238 :
1075 2168 1146 2248 ille,
1168 2168 1227 2260 qui
1246 2167 1321 2238 sine
1341 2166 1414 2236 ullo

334 2304 597 2375 simulationum
631 2306 711 2376 fuco
741 2313 802 2377 aut
832 2330 997 2395 cerussa,
1031 2307 1195 2378 virtutem
1222 2306 1413 2398 vitiumque

333 2451 429 2522 videt
454 2452 490 2520 in
509 2474 592 2522 vero
619 2475 683 2522 suo
701 2452 811 2524 vultu.
834 2453 921 2530 Quis
939 2454 970 2524 ei
995 2454 1164 2547 imponat,
1191 2453 1248 2546 qui
1268 2461 1416 2538 externa

334 2597 372 2660 et
382 2589 523 2659 interna
536 2589 670 2682 pariter
683 2589 852 2662 rimatur'l
866 2591 925 2685 qui
939 2613 1067 2684 corpus
1081 2591 1177 2661 videt
1190 2598 1225 2661 et
1238 2574 1390 2662 m'entem
1399 2592 1413 2660 l

334 2730 392 2823 qui
423 2730 564 2822 linguas
585 2736 620 2801 et
637 2729 767 2801 librasl
787 2739 910 2823 aperta
927 2731 1076 2824 denique
1099 2738 1135 2801 et
1164 2731 1310 2823 opertal
1329 2729 1414 2807 Qui-

333 2894 400 2964 que
425 2893 495 2941 non
517 2871 612 2941 sacta
638 2871 750 2941 solum
776 2871 867 2964 ipsa,
891 2871 955 2961 sed
976 2894 1122 2942 caussas
1142 2894 1263 2942 eorum
1280 2877 1316 2941 et
1333 2892 1415 2963 pro-

334 3029 480 3106 gressus
498 3009 593 3080 videt
611 3009 647 3079 in
674 3010 771 3080 clara
796 3011 885 3081 luce.
903 3009 1034 3080 Thales
1052 3008 1135 3079 olim
1159 3009 1412 3100 interrogatus,

334 3148 375 3213 Et
390 3147 479 3226 λήθοι
497 3147 580 3223 θεοὺς
598 3147 746 3239 deiparam
765 3148 876 3215 ἀδικῶν
893 3177 900 3225 ;
922 3147 989 3214 ἀλλ’
1009 3148 1077 3215 οὐδὲ
1095 3148 1311 3239 διανοούμενω,
1334 3171 1415 3217 vere

336 3285 529 3377 respondit.

384 3925 431 3996 At
449 3947 514 3996 nos
541 3928 664 3996 contra
686 3925 743 3996 hic
772 3925 807 3996 in
835 3925 926 3996 nube
957 3923 1015 4019 qui
1047 3948 1115 3994 non
1147 3924 1261 3993 solum
1280 3922 1433 4002 occulta

335 4063 470 4134 scelera
492 4086 561 4132 non
584 4061 755 4146 videmus,
782 4064 846 4134 sub
869 4063 988 4134 tunica
1010 4063 1114 4156 (quod
1141 4061 1251 4155 aiunt)
1275 4069 1310 4132 et
1336 4060 1414 4130 sinu

335 4199 510 4283 admissa3
528 4200 590 4271 sed
604 4199 663 4270 vix
677 4208 801 4293 aperta
815 4208 850 4272 et
866 4208 1046 4294 protracta
1055 4201 1129 4294 jam
1143 4200 1179 4270 in
1193 4200 1317 4273 lucem.
1333 4202 1413 4273 Non
