3262 5190
759 448 945 510 -188-

360 627 517 697 Detraho
533 635 650 697 autem
665 626 715 696 illi
731 634 813 698 ante
828 628 946 698 omnia
955 627 1051 699 velut
1065 625 1387 720 spolium'puloher-

311 765 410 835 rimae
429 765 551 848 vestis,
573 788 643 858 qna
669 765 760 834 male
786 788 824 835 se
851 771 1012 837 exornat.
1036 763 1146 835 Amor
1163 764 1256 835 enim
1276 764 1333 834 hic
1351 764 1387 832 in

311 903 476 995 patriam,
495 903 616 974 Pietas
630 902 737 995 vulgo
752 901 880 974 dieitur
897 927 904 973 :
923 925 986 972 nec
1000 902 1159 995 capiente
1174 925 1240 984 me,
1258 902 1384 982 fateor,

309 1064 373 1111 neo
390 1040 537 1112 ferente.
562 1040 664 1111 Unde
684 1041 777 1112 enim
798 1040 941 1112 Pietas?
963 1063 1069 1135 quam
1093 1040 1257 1111 eximiam
1277 1039 1388 1109 virtu·

307 1186 377 1249 tem
408 1202 487 1249 esse
519 1179 591 1249 scio
619 1205 625 1249 :
658 1203 721 1250 nec
745 1179 887 1272 proprie
913 1179 1023 1261 aliud,
1052 1202 1157 1273 quarn
1189 1201 1387 1250 nnonrnuu

308 1339 537 1394 nuarrnuoun
550 1338 724 1388 nonomen
739 1340 782 1386 ur
795 1339 947 1388 nuoamu
966 1339 1002 1386 rn
1016 1339 1115 1387 onum
1128 1339 1172 1386 no
1186 1338 1384 1387 rnnsnrns.

309 1454 388 1532 Qua
408 1457 522 1524 fronte
540 1462 657 1525 autem
678 1455 802 1550 Patria
820 1454 970 1525 mediam
984 1454 1040 1525 his
1060 1477 1098 1525 se
1115 1454 1261 1524 inserit?
1280 1452 1384 1531 Quia,

308 1592 482 1685 inquiunt,
496 1592 603 1663 etiam
620 1592 682 1663 illa
695 1593 920 1667 sanctissima
934 1600 968 1664 et
982 1593 1228 1687 antiquissima
1241 1614 1384 1685 parens,

310 1732 339 1802 Ο
357 1731 466 1825 inepti
485 1759 491 1801 :
510 1755 574 1802 nec
578 1731 653 1825 jam
672 1733 708 1803 in
723 1733 913 1804 Rationem
928 1733 1058 1826 injurii,
1077 1734 1139 1805 sed
1157 1734 1194 1802 in
1211 1733 1387 1803 Naturam

310 1871 444 1963 ipsam!
473 1871 584 1941 illane
606 1873 758 1964 parens?
785 1895 859 1954 eur,
881 1879 943 1943 aut
961 1873 1155 1965 quomodo?
1177 1872 1276 1942 Nihil
1294 1873 1387 1942 enim

311 2007 370 2080 hic
383 2007 502 2079 video:
517 2016 552 2079 et
564 2017 602 2080 tu
616 2010 645 2080 si
659 2009 808 2092 acutior,
822 2010 933 2104 Lipsi,
943 2011 1108 2101 tenebras
1123 2034 1219 2081 meas
1230 2010 1383 2081 illustra.

315 2146 452 2224 Quiane
470 2149 628 2240 excepit?
646 2149 682 2218 id
697 2149 790 2218 enim
802 2149 900 2220 visus
914 2158 995 2220 ante
1014 2149 1143 2221 dicere.
1165 2149 1262 2242 atqui
1280 2149 1387 2219 etiam

309 2285 438 2377 hospes
461 2286 588 2379 aliquis
612 2309 706 2378 saepe
734 2293 796 2357 aut
826 2309 950 2380 caupo,
986 2287 1111 2359 novin
1142 2287 1236 2357 haud
1266 2286 1386 2380 paullo

312 2424 453 2496 mollius
470 2425 552 2495 olim
567 2424 692 2517 gerula
705 2432 766 2496 aut
780 2425 910 2496 nutrix.
928 2425 1044 2496 Alunt
1060 2426 1125 2496 hoe
1139 2425 1303 2519 pecudea,
1320 2425 1389 2496 hoo

311 2564 473 2647 arbores,
494 2564 562 2634 hoc
580 2571 719 2656 segetes
733 2563 877 2635 cottidie
898 2589 905 2635 :
923 2573 958 2635 et
973 2565 1065 2636 inter
1078 2587 1209 2656 magna
1222 2588 1385 2659 corpora,

311 2700 507 2794 quibusque
538 2700 625 2771 nihil
654 2700 814 2792 imputet,
832 2701 957 2783 Terra,
984 2700 1132 2782 Coelum,
1158 2698 1243 2782 Aer,
1269 2701 1384 2794 Aqua.

312 2837 471 2932 Denique
490 2838 704 2917 transferte,
726 2845 761 2908 et
778 2837 845 2908 hoc
859 2838 951 2909 idem
969 2837 1074 2909 saciet
1091 2838 1224 2931 quaevis
1243 2839 1314 2909 alia
1330 2838 1390 2910 tel-

309 2985 377 3055 lus.
400 2983 546 3055 Madida
564 2984 641 3054 haec
659 2991 693 3054 et
712 2984 872 3054 natantia
893 2984 1001 3054 verba
1020 2992 1101 3054 sunt
1123 3010 1130 3053 :
1153 2966 1279 3078 quibus
1299 2985 1388 3055 nihil

314 3131 544 3222 expresseris,
558 3137 689 3221 praeter
699 3128 871 3221 plebeium
886 3138 921 3200 et
934 3129 1093 3200 inutilem
1108 3131 1292 3223 quemdam
1308 3132 1391 3223 Opi-

313 3276 429 3346 nionis
449 3297 602 3345 succum.
625 3277 797 3345 Parentes
811 3274 950 3366 quidem
965 3275 988 3343 ii
1008 3275 1085 3356 soli,
1104 3276 1162 3369 qui
1176 3285 1386 3368 genuerunt,

314 3424 524 3503 formarunt,
545 3429 731 3514 gestarunt
753 3447 759 3491 :
782 3444 930 3514 quorum
949 3445 1013 3493 nos
1036 3447 1154 3494 semen
1180 3423 1222 3494 de
1241 3425 1386 3504 semine,

314 3571 460 3663 sanguis
480 3571 523 3640 de
538 3570 723 3661 sanguine,
741 3592 823 3640 caro
843 3569 1020 3641 decarne.
1045 3571 1201 3647 Quorum
1221 3572 1335 3664 siquid
1353 3573 1390 3656 iq

313 3719 464 3811 patriam
484 3718 539 3787 vel
563 3718 825 3809 comparatione
851 3717 1052 3798 conveniet;
1074 3718 1123 3787 nil
1149 3740 1285 3799 recus0,
1307 3719 1390 3810 quin

316 3864 488 3933 Pietatem
506 3861 597 3931 hanc
610 3884 807 3953 oppugnem
822 3862 923 3947 irrito
933 3861 1016 3932 telo.
1034 3861 1081 3932 nt
1093 3862 1185 3932 enim
1199 3863 1265 3932 riri
1281 3863 1387 3944 docti,

315 4009 379 4079 viri
400 4009 530 4099 magni,
550 4009 600 4078 sio
613 4007 708 4077 effati
723 4009 867 4099 passim.
888 4008 1031 4079 Fateor.
1051 4009 1111 4078 sed
1122 4009 1166 4079 ad
1176 4009 1305 4079 samam
1321 4034 1390 4079 non

316 4157 507 4227 adrerum.
528 4154 619 4247 quod
640 4154 670 4224 si
690 4153 859 4246 sequeris,
884 4177 1022 4225 sacrum
1045 4156 1131 4225 illud
1150 4164 1185 4226 et
1203 4164 1390 4248 augustum
