3262 5190
719 492 902 553 -nn-

272 654 436 772 quamdiu
461 678 495 746 in
521 676 610 746 civili
632 675 802 768 sanguine
825 688 1041 768 tyrannum:
1066 672 1224 763 ignosco.
1248 671 1351 740 video

271 819 363 889 enim
388 818 511 888 Catoni
539 816 606 909 ipsi
627 816 764 886 clavum
791 813 847 883 hlc
874 820 1011 882 tantum
1030 833 1100 880 non
1127 811 1212 881 recti
1226 809 1352 904 judicii

275 965 462 1039 extortum,
476 964 511 1028 et
525 956 676 1027 elicitam
695 955 739 1025 ab
753 954 825 1024 alto
840 960 981 1046 pectore
997 948 1200 1042 ambiguam
1215 971 1350 1028 vocem,

275 1103 343 1166 Res
360 1101 499 1166 divinos
517 1101 663 1164 nautium
683 1095 811 1162 habere
828 1094 1004 1179 culminia.

324 1404 394 1475 Sed
418 1411 535 1474 tamen
557 1411 595 1474 tu
617 1401 728 1495 Lipsi‚
758 1408 797 1471 tu
821 1401 921 1480 Cato,
946 1398 1077 1469 flectite
1103 1395 1259 1490 paullum
1284 1395 1354 1466 huc

275 1542 394 1612 oculos
424 1567 431 1611 :
461 1564 549 1612 unus
578 1541 765 1634 adspectus
790 1539 826 1608 in
850 1538 1004 1632 gratiam
1028 1537 1172 1608 reducet
1189 1559 1252 1607 vos
1274 1560 1354 1608 cum

275 1680 361 1750 lleo.
385 1679 562 1749 Caesarem
580 1680 679 1750 illnm
697 1679 824 1760 videte,
847 1678 1049 1771 superbum,
1070 1677 1252 1771 victorem,
1279 1676 1353 1770 opi·

275 1823 379 1892 nione
398 1828 511 1891 suaet
529 1821 676 1891 aliorum
685 1821 759 1915 jam
776 1821 890 1902 deum,
908 1819 944 1888 in
964 1819 1110 1900 Senatu,
1132 1824 1168 1888 et
1184 1821 1206 1888 a
1220 1818 1355 1888 Senatu

275 1963 284 2031 i
291 1963 508 2033 nterfectum.
530 1986 594 2032 nec
612 1962 761 2055 simplici
778 1970 904 2043 morte,
926 1961 987 2031 sed
1006 1960 1131 2052 viginti
1151 1961 1264 2032 tribus
1277 1960 1353 2054 pla·

275 2100 330 2192 gis
344 2099 552 2181 confectum,
570 2100 684 2170 instar
696 2100 781 2170 ferae
801 2100 1024 2192 insanguine
1041 2121 1104 2169 suo
1120 2101 1350 2170 volutantem.

276 2249 310 2311 ct
324 2240 418 2333 (quid
437 2240 587 2333 amplius
602 2241 739 2335 vultis'l)
760 2240 796 2310 in
815 2240 973 2333 Pompeii
996 2240 1106 2321 curia,
1129 2246 1354 2332 superstante

277 2353 434 2470 Pompeii
466 2385 596 2460 statua,
632 2401 795 2470 magnam
826 2377 1002 2447 victimam
1034 2377 1159 2470 Magni
1191 2377 1354 2447 manibus

276 2525 532 2609 parentantem.

326 2810 380 2879 lta
399 2809 530 2880 Brutus
546 2810 581 2879 in
601 2810 734 2902 campis
761 2810 980 2904 Philippicis,
1002 2834 1066 2904 pro
1085 2812 1201 2905 patria
1222 2820 1354 2882 etcum

276 2948 392 3041 patria
412 2949 577 3029 moriens,
600 2949 684 3018 mihi
703 2972 840 3042 quoque
864 2949 1082 3019 miserationi
1103 2958 1170 3020 est.
1191 2948 1251 3020 sed
1270 2971 1355 3019 con·

277 3087 371 3158 solor
389 3088 493 3169 idem,
512 3112 589 3170 cum
608 3088 702 3159 haud
720 3088 825 3180 longe
839 3089 941 3159 video
959 3089 1109 3159 victores
1123 3088 1203 3159 illos
1221 3089 1356 3159 exerci-

276 3238 347 3308 tus,
369 3227 464 3296 velut
486 3228 530 3296 ad
553 3228 628 3318 ejus
655 3226 838 3309 tumulum,
860 3229 1073 3320 gladiatorio
1091 3253 1188 3300 more
1207 3230 1298 3300 inter
1316 3252 1357 3300 se

276 3364 507 3435 commissos:
530 3373 564 3435 et
583 3365 763 3436 edacibus
782 3366 945 3448 alterum,
963 3369 1015 3438 M.
1032 3367 1237 3448 Antonium,
1258 3371 1359 3438 terra
1453 3386 1456 3391 ·

277 3506 434 3600 marique
452 3507 593 3588 victum,
615 3506 707 3577 inter
724 3516 796 3578 tres
821 3507 1058 3589 mulierculas,
1081 3508 1271 3580 mulierosa
1293 3508 1359 3579 illa

277 3668 396 3726 manu,
419 3668 516 3737 aegro
542 3653 690 3715 mortem
713 3645 960 3717 invenientem.
984 3647 1054 3717 Ubi
1071 3655 1110 3717 tu
1136 3670 1173 3717 es
1201 3646 1359 3717 Orientis

169 3793 172 3800 '
278 3783 337 3853 ille
355 3783 476 3876 paullo
495 3789 577 3852 ante
600 3783 784 3854 dominus?
808 3783 938 3853 lanista
960 3784 1202 3854 Romanorum
1224 3783 1358 3854 exorci-

278 3923 401 3992 tuuml
434 3920 592 4013 Pompeii
616 3929 651 3991 et
677 3920 881 4013 reipublicae
913 3922 1051 3990 sectori
1092 3921 1159 4003 En,
1196 3921 1234 3990 in
1274 3920 1359 3992 sune

276 4067 430 4138 cruentis
462 4067 623 4137 manibus
645 4067 797 4160 pendesl
828 4091 884 4147 en,
907 4067 1006 4138 vivus
1032 4067 1068 4138 in
1095 4073 1360 4138 monumentum

277 4215 373 4274 tuum
395 4204 510 4297 repis?
526 4228 582 4276 en.
600 4229 643 4275 ne
658 4206 810 4298 moriens
827 4206 966 4299 quidem
979 4206 1141 4276 avelleris
1160 4206 1204 4276 ab
1218 4229 1261 4278 ea
1279 4230 1360 4299 quae
