3262 5190
721 488 844 551 -230
869 521 908 534 -

274 693 402 766 gyrum
420 655 484 741 :et
501 669 701 762 longaevum
719 670 852 764 aliquid
865 671 902 741 in
920 669 987 741 hac
1002 669 1166 741 machina
1180 677 1247 752 est,
1266 669 1354 741 nihil

275 817 460 881 aternum.
480 808 613 880 Attolle
631 816 665 879 et
679 809 863 881 circum‘ser
877 831 1013 879 mecum
1031 806 1152 879 oculos
1167 806 1354 902 (nonenim

275 971 330 1019 me
348 949 445 1043 piget
470 972 629 1043 premere
653 949 746 1020 hunc
773 949 899 1043 locum)
921 956 956 1020 et
980 948 1060 1019 vide
1088 971 1205 1018 rerum
1231 947 1354 1019 huma-

274 1110 400 1158 narum
427 1086 584 1159 alternas
609 1086 715 1170 vices
754 1094 801 1170 et,
831 1086 931 1158 utin
963 1086 1118 1167 Oceano,
1144 1092 1267 1157 aestus
1299 1087 1353 1156 Tu

219 1236 223 1243 ‘
275 1250 394 1320 surge,
422 1235 460 1299 tu
479 1226 577 1299 cade.
607 1234 645 1298 tu
672 1226 819 1320 impera,
848 1234 888 1297 tu
910 1225 1015 1297 servi.
1042 1231 1080 1296 tu
1103 1224 1293 1308 occultare,
1316 1241 1352 1296 tu

274 1388 427 1459 emerge.
462 1372 497 1436 et
527 1371 585 1436 eat
614 1364 672 1436 hic
701 1387 819 1435 rerum
850 1363 886 1434 in
916 1387 954 1435 se
977 1362 1209 1434 remeantium
1239 1363 1349 1442 orbis,

274 1503 440 1599 quamdiu
464 1503 532 1575 erit
561 1504 636 1597 ipse
662 1503 779 1575 Orbis.
810 1503 978 1574 Germani
1008 1503 1074 1574 feri
1105 1502 1188 1574 olim
1213 1503 1329 1574 fuistis
1339 1505 1352 1572 l

273 1667 366 1716 nunc
384 1644 556 1716 mitescite
581 1651 663 1715 ante
689 1644 876 1737 plerosque
902 1643 1050 1737 populos
1073 1645 1241 1737 Europae.
1272 1644 1351 1715 Bri·

144 1880 149 1890 ,
274 1782 373 1853 tanni
400 1781 521 1853 inculti
547 1789 582 1853 et
606 1781 750 1875 incpesl
778 1780 913 1852 deliciis
939 1803 981 1851 ac
1005 1780 1136 1851 divitiis
1162 1781 1353 1876 AEgyptios

274 1928 462 2015 provocate
480 1927 515 1991 et
535 1919 733 2015 Sybaritas,
752 1919 894 1991 Graecia
913 1919 996 1990 olim
1017 1918 1154 1990 floruit!
1184 1941 1275 1988 nunc
1296 1918 1352 2011 ja-

273 2067 364 2130 ceat.
387 2058 492 2131 ltalia
510 2065 688 2151 sceptrum
705 2057 837 2129 tenuitl
856 2080 950 2127 nunc
972 2055 1117 2127 serviat.
1139 2056 1214 2126 Vos
1229 2056 1350 2158 Gothi,¹

142 2281 143 2284 Ἴ
272 2218 335 2265 vus
354 2194 519 2276 Vandali,
541 2217 603 2265 vos
617 2196 674 2265 fex
692 2194 933 2265 Barbarorum
948 2193 1085 2287 prodite
1103 2198 1122 2264 ὁ
1140 2193 1299 2275 latebris
1318 2204 1353 2265 et

272 2330 436 2423 gentibus
458 2331 629 2424 imperate
660 2354 723 2424 per
747 2331 855 2403 vices,
876 2329 1007 2402 Adeste
1026 2330 1133 2402 etiam
1150 2330 1262 2424 pelliti
1289 2354 1352 2401 vos

274 2469 417 2563 Scythae
437 2476 472 2540 et
497 2469 631 2562 potenti
657 2493 764 2541 manu
780 2468 961 2564 paulisper
978 2469 1135 2541 habenas
1157 2477 1352 2564 temperate

273 2607 371 2678 nsiae
387 2615 493 2701 atque
508 2607 674 2701 Europae.
687 2607 757 2680 Sed
771 2607 829 2678 isti
838 2607 905 2701 ipsi
920 2630 1001 2677 mcx
1015 2606 1196 2689 discedite,
1209 2615 1244 2679 et
1257 2631 1354 2702 scep-

274 2756 367 2818 trum
385 2746 571 2840 relinquite
589 2746 641 2817 illi
660 2747 705 2818 ad
721 2748 900 2819 Oceanum
913 2745 1022 2839 genti.
1041 2745 1164 2817 Fallcr
1177 2745 1295 2817 enimi.
1307 2771 1352 2817 an

275 2886 392 2957 Solem
411 2885 529 2956 nescio
556 2909 658 2979 quem
685 2885 767 2957 novi
794 2884 930 2978 imperii
955 2890 1158 2976 surgentem
1180 2883 1280 2956 video
1308 2884 1352 2954 ab

276 3024 485 3094 Occidente?
