3262 5190
682 505 684 511 ·
771 467 955 530 -366-

324 646 397 717 sive
415 646 529 738 magis
543 654 622 740 post
640 646 794 718 factumi
814 648 908 718 Vere
922 647 1015 718 enim
1033 645 1192 715 ἀπόλουθω
1209 636 1265 729 τῆς
1284 650 1401 728 ἀδικίας

322 787 343 864 ὴ
356 786 502 876 τιμωρία,
515 791 554 854 ut
572 783 676 854 Plato
690 783 774 856 olim
787 783 945 855 dicebat:
963 783 1031 866 vel,
1046 793 1084 853 ut
1097 784 1214 855 verius
1228 791 1264 855 et
1276 785 1401 856 fortius

324 918 985 1013 Hesiodusnlmouq‚Cognatumimo
995 921 1268 1002 innatumomni
1277 923 1399 994 sceleri

323 1058 466 1129 sceleris
485 1057 693 1151 supplicium
714 1083 721 1128 :
744 1065 779 1129 et
800 1058 886 1129 nihil
904 1058 940 1128 in
958 1058 1032 1130 vita
1050 1081 1212 1129 securum
1229 1061 1399 1135 solutum-

269 1200 272 1207 '
322 1220 402 1289 que,
431 1203 564 1290 praeter
588 1197 830 1268 Innocentiam
853 1204 919 1269 est.
950 1198 1000 1268 Ut
1030 1198 1206 1281 cruciarii,
1235 1199 1399 1270 Romano

322 1336 405 1419 ritu,
427 1359 565 1408 crucem
591 1359 692 1408 suam
717 1337 890 1419 ferebant,
912 1337 980 1430 ipsi
998 1339 1042 1408 ab
1068 1362 1112 1410 ea
1137 1361 1218 1409 mox
1235 1338 1394 1427 serendi:

323 1477 374 1548 sic
398 1477 515 1570 impiis
534 1477 696 1548 omnibus
711 1475 936 1548 conscientiae
955 1476 1046 1548 hane
1063 1500 1202 1549 crucem
1220 1479 1316 1549 Deus
1333 1477 1398 1548 im-

320 1614 449 1708 posuit,
470 1614 506 1686 in
524 1637 593 1708 qua
610 1635 734 1707 poenas
750 1612 851 1683 luant
864 1613 1069 1708 priusquam
1082 1614 1195 1688 luant.

369 2123 424 2193 An
442 2129 480 2192 tu
494 2121 606 2192 solam
620 2143 698 2194 eam
715 2119 930 2215 punitionem
951 2143 1086 2200 censes,
1104 2128 1182 2212 qua'e
1200 2119 1349 2191 incurrit
1360 2121 1396 2190 in

321 2260 461 2332 oculosl
476 2283 581 2353 quam
599 2260 845 2354 corpusculum
862 2258 929 2330 hoc
944 2259 1058 2330 subit‘l

369 2495 450 2565 Non
472 2503 537 2568 est.
562 2502 708 2567 externa
729 2497 800 2568 ista
825 2496 943 2568 omnia
964 2495 1089 2567 leviter
1111 2519 1176 2567 nee
1198 2495 1235 2566 in
1252 2495 1397 2588 longum

320 2661 384 2709 nos
401 2645 552 2730 tangunt
573 2665 580 2710 :
609 2638 750 2710 iuterna
770 2644 864 2722 sunt,
887 2661 965 2731 quae
989 2646 1136 2729 angunt.
1159 2637 1209 2708 Ut
1228 2635 1342 2729 magis
1360 2635 1396 2705 in

319 2779 441 2851 morbo
453 2778 657 2872 judicantur
671 2778 730 2871 qui
748 2776 830 2848 tabe
848 2783 910 2846 aut
928 2797 1087 2846 marcore
1100 2774 1277 2854 laborant,
1291 2794 1397 2865 quam

319 2917 377 3011 qui
392 2916 667 2988 inflammatione
682 2914 796 3008 aliqua
807 2916 878 2984 ’aut
894 2912 984 2982 febri
997 2937 1005 2995 ;
1027 2918 1062 2982 et
1080 2918 1197 2981 tamen
1210 2909 1267 2980 hae
1282 2907 1396 3000 magis

319 3063 491 3150 apparent
511 3083 518 3126 :
541 3056 592 3126 sic
607 3055 643 3125 in
657 3054 821 3146 graviore
839 3075 946 3146 poena
963 3051 1126 3146 improbi,
1148 3051 1206 3145 qui
1219 3051 1315 3149 lento
1333 3048 1395 3120 illo

319 3216 426 3286 passu
452 3193 628 3263 ducuntur
649 3192 694 3262 ad
720 3199 892 3262 aeternam
919 3214 1018 3260 suam
1043 3198 1203 3261 mortem.
1234 3188 1396 3282 Caligula

321 3331 404 3402 olim
416 3354 480 3424 per
498 3329 673 3402 saevitiam
691 3328 866 3423 imperare
884 3328 1009 3400 solitus
1022 3353 1028 3398 :
1041 3334 1097 3397 Itu
1114 3332 1200 3414 fori,
1217 3336 1254 3396 ut
1267 3330 1394 3398 sentiat

317 3497 354 3544 se
367 3477 459 3543 mori
477 3505 486 3542 .·
503 3472 540 3542 id
556 3470 635 3542 istis
653 3470 782 3554 evenit,
804 3469 897 3563 quod
919 3467 1074 3539 carnifex
1092 3467 1152 3538 ille
1169 3465 1307 3538 animus
1321 3471 1393 3536 cot-

318 3612 403 3684 tidie
415 3611 559 3683 minutis
577 3610 704 3682 ictibus
723 3608 828 3680 caedit
841 3616 876 3680 et
893 3606 1030 3701 pungit.

368 4187 444 4256 Nec
463 4185 629 4276 splendor
647 4185 707 4255 ille
725 4185 787 4256 tibi
807 4184 975 4278 imponat,
993 4190 1027 4253 et
1042 4180 1253 4253 circumfusa
1273 4188 1391 4273 poten·
