3204 5174
625 1248 774 1357 nuru
827 1247 1066 1358 PRAEFATIO

748 1546 774 1550 ...
807 1526 943 1557 „qen—...J

616 1767 700 1846 AD
739 1767 1072 1850 LECTOREM

423 2001 474 2056 DE
499 2002 693 2058 CONSILIO
722 2005 808 2059 MEO
833 2003 1095 2059 SCRIPTiONlS
1120 2003 1146 2057 ἃ
1175 2001 1272 2056 FlNE

353 2725 448 2792 Nihil
472 2747 525 2792 me
542 2726 649 2814 fugit,
670 2725 796 2809 Lector,
810 2727 850 2791 -in
868 2747 954 2791 novo
976 2725 1038 2792 hoc
1055 2725 1221 2792 scribendi
1244 2747 1384 2814 genere,

307 2867 394 2925 nova
415 2859 499 2926 mihi
514 2858 645 2948 judicia
664 2865 779 2947 parata
794 2868 828 2924 et
844 2879 1018 2936 censuras;
1039 2858 1281 2938 anciliorum,
1305 2881 1388 2947 quoa

307 2993 470 3080 percutiet
488 2992 664 3080 inopinata
684 2990 754 3057 haec
776 2991 957 3078 Sapientia
973 2991 1134 3078 professio
1153 2991 1196 3057 ab
1217 3013 1267 3067 eo,
1288 3012 1387 3079 quern

307 3123 545 3190 amoenioribus
570 3131 704 3188 tantum
723 3122 844 3188 litteris
873 3122 1054 3188 censebant
1082 3131 1286 3222 operatum:
1317 3123 1388 3205 sive

308 3255 462 3336 aliorum,
486 3257 608 3344 quibus
625 3255 762 3322 vilescet
776 3263 811 3322 et
836 3277 893 3343 pro
909 3239 976 3321 levi
992 3256 1074 3335 erit,
1094 3254 1258 3345 quidquid
1276 3256 1311 3321 in
1324 3254 1387 3321 hoc

307 3388 418 3454 studio
435 3396 495 3454 aut
506 3387 613 3455 stadio
630 3388 807 3455 sudabitur
821 3395 895 3475 post
910 3387 1076 3475 antiquos.
1093 3388 1221 3466 Quibus
1238 3387 1389 3474 utrisque

308 3521 507 3588 utbreviter
523 3521 753 3610 respondeam,
771 3542 845 3588 mea
863 3521 1011 3600 interest,
1032 3522 1099 3587 imo
1114 3521 1216 3587 etiam
1232 3528 1304 3585 tue.

353 3840 401 3907 Ac
419 3840 519 3927 primi
536 3841 671 3928 quidem
693 3839 743 3906 illi
768 3840 899 3906 duabus
923 3839 1160 3906 diversissimis
1184 3838 1283 3905 rebus
1311 3858 1387 3925 pec·

308 3974 484 4041 caremihi
505 3974 674 4040 videntur.
699 3975 833 4040 incuria
848 3982 881 4041 et
897 3996 988 4041 cura.
1010 3975 1094 4054 Hac,
1114 3972 1202 4062 quod
1221 3972 1258 4037 in
1279 3970 1389 4037 aliena

308 4109 420 4176 studia
435 4109 646 4196 actionesque
662 4108 750 4175 ultro
766 4108 1006 4198 inquirendum
1022 4108 1086 4175 sibi
1104 4113 1260 4174 censeant
1278 4125 1285 4170 :
1307 4105 1385 4180 illa,

308 4242 396 4328 quod
418 4241 590 4328 inquirant
615 4249 726 4307 tamen
753 4263 870 4329 parum
895 4241 1021 4307 intente
1044 4249 1102 4306 aut
1127 4239 1309 4326 diligenter
1340 4237 1386 4315 Ut
