3262 5190
667 427 672 436 ’
759 467 945 531 -rso-

309 644 388 716 susa
406 644 468 716 illa
486 645 711 717 morientium
729 654 861 738 strage.
885 645 977 725 Quid
992 646 1132 730 abnuis,
1155 654 1216 718 aut
1231 646 1392 718 miraris?

222 814 225 818 ⁴
310 786 364 856 lta
382 783 488 855 insita
509 784 628 856 nescio
642 808 721 878 quae
740 785 876 857 malitia
892 785 1039 856 humani
1058 786 1190 879 ingenii
1208 786 1288 869 sert,
1315 794 1391 857 Lce-

307 932 399 1003 tanS,
426 930 465 993 ut
486 930 590 1016 poeta
614 931 715 996 vetus
738 923 906 1018 loquitur,
939 930 1032 995 nuato
1058 930 1186 997 alieno.
1214 924 1329 1019 Atque
1354 933 1391 996 ut

307 1085 412 1155 poma
426 1063 590 1157 quaedam
607 1071 715 1156 gustu
734 1063 890 1134 suaviter
907 1043 1037 1134 acerba
1055 1072 1137 1135 sunt
1159 1090 1165 1135 :
1189 1064 1239 1135 sic
1264 1065 1390 1134 alienat

307 1225 421 1285 curae,
440 1203 574 1274 securis
592 1203 707 1275 nobis.
730 1204 829 1275 Pone
848 1203 933 1274 mihi
952 1203 1104 1298 aliquem
1124 1205 1159 1275 in
1179 1205 1311 1276 Oceani
1328 1205 1390 1276 illo

305 1340 438 1424 littore,
473 1343 532 1435 qui
557 1341 782 1434 naufragium
808 1350 955 1436 spectet.
986 1342 1169 1414 adficietur
1200 1365 1298 1427 sane,
1328 1343 1390 1415 sed

307 1502 378 1551 non
396 1479 584 1573 injucunde
603 1481 755 1575 quodam
773 1479 880 1551 animi
900 1502 1041 1551 morsu:
1064 1479 1147 1573 quia
1164 1480 1282 1551 aliena
1297 1482 1390 1574 pori-

305 1616 511 1701 sma-videt,
533 1617 608 1688 sine
631 1640 708 1689 suu.
731 1625 768 1688 at
786 1640 917 1711 repone
939 1618 1099 1689 eumdem
1126 1618 1162 1689 in
1175 1619 1313 1712 jactata
1328 1620 1390 1690 illa

306 1758 388 1829 navi
413 1784 419 1828 :
442 1759 574 1830 dolebit
592 1758 726 1830 scilicet
741 1758 848 1829 alium
867 1758 1037 1830 dolorem.
1059 1758 1152 1829 idem
1174 1782 1252 1829 cum
1270 1759 1390 1829 omnia

304 1896 464 1977 fecimus,
485 1895 648 1979 diximus,
669 1895 727 1967 hic
744 1904 826 1968 est:
853 1904 888 1968 et
911 1906 1033 1968 nostra
1061 1896 1155 1967 mala
1176 1919 1258 1966 vero
1283 1904 1389 1989 atquo

304 2058 347 2105 cx
363 2035 480 2107 animo
493 2035 669 2128 lugemus,
680 2036 821 2129 publica
834 2036 921 2107 dicis
935 2035 1111 2129 morisque
1125 2058 1265 2107 caussa.
1278 2037 1387 2128 Egre-

305 2173 362 2265 gie
389 2174 566 2246 Pindarus
596 2201 602 2245 :
633 2176 679 2242 Τὸ
700 2179 759 2269 γὰρ
788 2177 897 2241 dixeno
922 2174 1020 2253 πιέζει
1048 2173 1138 2240 Hoiud'
1171 2177 1266 2265 ὁμῶς.
1301 2175 1386 2252 cutm

277 2405 279 2408 y
305 2312 464 2403 δ’ἀπήμων
477 2314 584 2406 καρδία
597 2314 686 2390 κᾶδος
704 2315 777 2408 dpp’
792 2311 965 2406 ἀλλότριον.
983 2313 1219 2391 Quamobrem
1233 2314 1386 2384 aulaeum

304 2449 372 2520 hoc
389 2451 577 2522 scaenicum
590 2452 732 2522 tandem
751 2429 1033 2544 remove,'Lipsi‚
1051 2460 1086 2522 ct
1106 2451 1274 2544 siparium
1295 2474 1387 2522 com-

304 2584 397 2677 plica
414 2613 420 2657 :
438 2596 473 2659 et
487 2589 595 2660 missa
609 2590 702 2660 omni
721 2586 957 2672 simulatione,
976 2591 1122 2662 ostende
1138 2598 1172 2662 te
1187 2590 1287 2661 uobis
1302 2612 1385 2660 vero

305 2723 437 2796 doloris
455 2727 506 2797 tui
520 2727 629 2800 vultu.
