3262 5190
750 471 936 536 -190-

306 673 433 721 nomen
455 650 521 722 deo
545 651 716 733 remittes,
742 660 789 736 et,
818 652 848 724 si
869 652 997 745 placet,
1025 653 1231 746 parentibus
1258 680 1265 725 :
1291 654 1385 726 hunc

306 788 444 882 quidem
458 787 646 872 adfectum,
664 789 863 861 etiamnum
878 789 1085 862 emendatus
1096 799 1163 874 est,
1181 800 1384 864 contentum

305 948 384 998 csse
395 925 534 1020 jubebis
550 926 698 999 honesto
716 927 819 1000 titulo
834 926 1016 1000 Caritatis,
1035 899 1039 906 ι

355 1838 423 1909 Sed
448 1838 491 1909 de
515 1837 656 1910 nomine
677 1847 813 1910 tantum
832 1847 886 1911 est
915 1865 921 1910 :
950 1864 1023 1911 rem
1050 1839 1167 1933 potius
1184 1839 1380 1922 videamus,

304 1999 409 2070 quam
426 1976 586 2070 equidem
613 2001 683 2048 non
702 1985 813 2049 totam
836 1978 935 2061 tollo,
957 1979 1018 2050 sed
1041 1985 1211 2071 temper0,
1232 1986 1268 2049 et
1287 1978 1385 2050 velut

304 2112 469 2207 scalpello
487 2114 699 2186 circumcide
713 2123 821 2187 rectae
835 2116 1014 2188 Rationis.
1033 2115 1081 2186 Ut
1095 2115 1189 2186 enim
1202 2116 1297 2199 vitis,
1310 2117 1380 2188 nisi
1483 2144 1490 2156 ·

302 2259 477 2345 amputes,
497 2253 670 2324 latissime
690 2277 728 2324 se
747 2253 913 2346 spargit:
940 2254 992 2325 sic
1015 2253 1074 2325 isti
1092 2255 1292 2347 praesertim
1310 2255 1382 2326 Ad·

302 2391 426 2472 sectus,
446 2391 572 2484 quibus
590 2414 680 2462 aura
697 2392 817 2486 aliqua
833 2392 1031 2464 velificatur
1048 2392 1312 2486 popularitatis,

351 2671 403 2741 nc
432 2670 545 2742 fateor
569 2670 702 2752 libens,
736 2670 852 2764 Lipsi,
881 2671 968 2766 (non
999 2669 1092 2740 enim
1122 2669 1173 2740 ita
1203 2668 1380 2740 hominem

302 2809 382 2880 exui
413 2817 473 2880 aut
509 2807 637 2902 civem)
673 2807 938 2880 inclinationem
968 2807 1122 2901 aliquam
1155 2813 1191 2877 et
1223 2828 1380 2877 amorem

301 2945 424 3040 cuique
449 2953 610 3016 nostrum
634 2945 670 3015 in
697 2944 869 3015 minorem
895 2944 987 3015 hanc
1009 2944 1162 3038 patriam
1187 2966 1266 3014 esse
1287 2969 1294 3013 z
1318 2942 1379 3014 sed

300 3083 397 3174 cujus
408 3084 558 3163 caussae,
575 3090 613 3153 ut
632 3081 733 3152 video
751 3103 877 3174 parum
894 3080 1027 3173 liquido
1044 3081 1109 3151 tibi
1128 3081 1295 3173 cognitae,
1317 3088 1380 3151 aut

298 3219 412 3312 origo.
428 3219 598 3290 Anatura
615 3218 708 3289 enim
721 3241 799 3289 esse
817 3218 871 3289 vis
888 3244 895 3289 :
913 3241 1038 3289 revera
1051 3227 1169 3290 autem
1182 3226 1237 3290 est
1251 3240 1374 3290 amore

301 3358 452 3452 quodam
470 3371 505 3429 et
522 3357 696 3429 instituto.
720 3359 913 3451 Postquam
931 3358 1024 3429 enim
1040 3357 1213 3440 homines,
1235 3381 1278 3429 ex
1298 3355 1377 3427 rudi
1440 3424 1442 3428 ,

300 3498 363 3570 illa
380 3505 414 3571 et
428 3497 589 3591 solivaga
601 3497 675 3570 vita
684 3499 728 3569 ab
743 3497 841 3592 agris
849 3497 885 3568 in
900 3497 1029 3591 oppida
1042 3495 1212 3591 compulsi
1226 3501 1321 3577 sunt,
1338 3502 1373 3566 et

300 3639 422 3710 domos
440 3660 482 3708 ac
499 3637 629 3708 moenia
645 3644 782 3708 struere
797 3644 992 3729 coeperunt,
1009 3644 1044 3707 ct
1062 3642 1174 3706 coetus
1192 3635 1321 3716 facere,
1341 3641 1376 3705 et

299 3776 516 3871 populariter
529 3776 599 3846 vim
613 3776 743 3847 inferre
753 3775 809 3846 vel
827 3798 963 3847 arcere:
974 3797 1054 3845 ecce
1067 3773 1266 3845 communio
1281 3795 1376 3867 quae·

299 3916 380 3985 dam
398 3915 598 3986 necessario
617 3915 709 3986 inter
727 3937 788 3986 eos
806 3920 943 3996 exorta,
965 3921 1000 3984 et
1021 3911 1173 3984 societas
1194 3910 1375 3982 variarum

300 4052 588 4123 rerumTerram
598 4060 634 4123 et
647 4052 736 4123 fines
746 4052 917 4146 quosdam
927 4051 1138 4145 conjunctim
1151 4049 1370 4121 habuerunt:

298 4192 430 4284 templa
448 4191 484 4263 in
503 4192 714 4286 promiscue,
732 4193 821 4275 sora,
839 4191 982 4274 aeraria,
997 4190 1189 4262 tribunalia
1207 4216 1214 4260 :
1233 4195 1268 4261 et
1282 4188 1374 4282 quod
