3262 5190
767 441 950 504 -138-

320 627 381 690 ant
395 616 576 688 brachium
593 618 712 710 fregit,
731 640 800 688 non
813 640 954 688 currum
973 618 1099 711 poscit,
1123 625 1159 688 ut
1173 618 1309 711 opinor,
1333 620 1393 688 sed

318 757 522 846 chirurgum
539 781 545 825 :
564 764 625 826 tua
638 778 717 849 quae
730 757 881 837 vanitas
893 756 952 850 qui
964 757 1139 827 internam
1150 755 1241 827 hanc
1252 756 1393 848 plagam

237 991 240 995 ¹
318 902 415 964 motu
428 915 555 964 sanare
568 902 603 964 to
616 894 775 987 postulas
789 901 824 966 et
838 894 1019 965 discursui
1031 893 1180 965 Animus
1193 894 1285 964 enim
1299 900 1394 964 certe

319 1039 384 1111 est,
406 1033 465 1125 qui
483 1039 636 1124 aegrotat
657 1057 664 1103 :
686 1039 721 1103 et
739 1032 852 1103 omnis
875 1031 953 1102 haeo
974 1033 1128 1103 exterior
1152 1032 1389 1113 imbecillitas,

321 1168 533 1260 desperatio,
545 1168 709 1261 languor,
722 1178 801 1239 orta
814 1168 859 1239 ab
873 1191 942 1240 uno
955 1169 1065 1251 fonte,
1082 1170 1174 1263 quod
1179 1170 1275 1263 jacet
1284 1170 1343 1240 ille
1357 1177 1392 1241 et

318 1304 477 1396 languet.
495 1304 679 1398 sceptrum
697 1305 822 1397 abjecit
841 1304 1002 1400 princeps
1024 1306 1209 1401 divinaque
1222 1330 1306 1400 pars
1329 1334 1335 1378 :
1358 1315 1394 1378 et

318 1447 360 1514 θό
378 1443 525 1514 vilitatis
539 1443 641 1537 lapsa
659 1453 725 1526 ost,
739 1453 781 1515 ,ut
792 1453 916 1537 sponte
932 1445 1063 1516 serviat
1079 1446 1154 1516 suis
1174 1447 1297 1517 servis.
1314 1446 1392 1527 Dio,

317 1581 417 1652 locus
430 1581 488 1652 hio
500 1582 584 1675 quid
602 1582 708 1653 faciet
726 1589 787 1653 aut
800 1584 939 1654 motusl
958 1583 1038 1654 Nisi
1051 1576 1142 1655 forte
1161 1585 1258 1676 regio
1278 1584 1397 1677 aliqua

319 1726 387 1803 est,
409 1742 489 1813 quae
503 1727 617 1792 metus
630 1728 814 1814 temperet,
836 1745 915 1816 quae
930 1745 1010 1816 spes
1029 1723 1207 1805 refraenet,
1225 1746 1304 1816 quae
1322 1746 1395 1793 ma·

317 1856 390 1926 lam
407 1856 499 1927 hano
520 1857 654 1928 saniem
672 1858 811 1940 educat,
838 1881 944 1952 quam
972 1860 1044 1932 alte
1061 1859 1273 1941 imbibimus
1294 1860 1396 1930 vitio·

320 2017 411 2065 rum.
438 1993 546 2088 Atqui
570 1995 669 2067 nulla
688 2005 759 2079 est,
786 2020 850 2068 noo
880 1999 915 2068 in
939 1998 1175 2094 insulisipsis
1194 1997 1393 2079 beatorum;

321 2139 383 2203 aut
401 2133 430 2202 si
449 2140 520 2216 est,
543 2133 702 2214 ostende,
722 2142 896 2204 et-omnes
916 2133 998 2204 illuc
1016 2133 1156 2225 agmine
1174 2134 1266 2205 facto
1289 2134 1393 2204 imus.

372 2752 442 2824 Sed
455 2752 564 2823 motio
578 2751 656 2845 ipsa
670 2759 705 2823 et
718 2752 880 2833 mutatio,
896 2752 1024 2846 inquis
1042 2751 1148 2823 habet
1162 2775 1240 2822 eam
1254 2753 1322 2822 vim
1340 2779 1347 2822 :
1366 2762 1400 2823 et
1521 2738 1523 2744 ¹

323 2900 462 2965 recreat
495 2893 692 2987 attollitque
717 2894 894 2986 jacentem
929 2893 1084 2964 animum
1114 2894 1306 2965 cottidiana
1339 2894 1401 2965 illa

324 3037 512 3124 conspecta
533 3030 671 3101 novitas
695 3052 845 3111 morum,
867 3029 1059 3110 hominum,
1089 3029 1257 3101 locorum.
1285 3030 1397 3121 Lipsi,

326 3189 438 3238 erras

373 3302 480 3385 Nam,
515 3311 552 3373 ut
591 3302 683 3396 quod
718 3325 776 3373 res
813 3309 867 3374 est
900 3303 992 3374 serio
1033 3303 1166 3385 dicam,
1197 3304 1400 3396 peregrina-

323 3446 455 3518 tionem
473 3466 544 3513 non
566 3464 676 3535 usque
699 3464 740 3512 eo
759 3442 929 3534 deprimo
956 3451 995 3513 ut
1017 3441 1105 3512 nihil
1122 3442 1154 3513 ei
1171 3443 1208 3512 in
1226 3442 1401 3513 hominem

325 3590 360 3654 et
374 3583 408 3652 in
423 3580 581 3660 adfectus
596 3579 675 3650 dem
690 3578 795 3672 juria.
819 3580 892 3649 lmo
911 3578 1052 3650 habeat.
1076 3579 1138 3649 sed
1159 3579 1341 3660 hactenus,
1364 3587 1401 3648 ut

323 3721 416 3791 levia
428 3719 536 3789 taedia
550 3718 712 3811 quaedam
734 3717 929 3788 animorum
949 3724 984 3788 et
997 3716 1094 3788 velut
1113 3739 1265 3788 nauseas
1278 3717 1396 3787 tollat:

314 3879 395 3927 non
409 3855 510 3927 tollat
526 3855 681 3935 morbos
703 3852 762 3947 qui
776 3853 882 3924 altius
896 3860 1139 3947 penetrarunt,
1161 3858 1265 3947 quam
1284 3861 1322 3924 ut
1340 3878 1398 3925 ex·

324 4004 426 4065 terna
439 3993 513 4063 ulla
526 3992 696 4063 medicina
709 3992 775 4063 huo
790 3993 980 4086 pertingat.
995 3994 1141 4075 Cautus,
1158 3993 1288 4072 vinum,
1307 4015 1398 4062 som-

327 4159 404 4217 nuS,
431 4133 741 4206 commotiunculas
773 4135 851 4206 illas
879 4135 1011 4227 primas
1039 4158 1109 4205 non
1128 4157 1208 4205 raro
1229 4141 1399 4204 sanarunt
