3204 5174
763 482 946 544 -ll8-

1242 554 1254 587 ἱ

313 665 393 731 olim
415 665 479 730 alte
499 673 531 730 et
548 672 644 729 acute
664 664 845 753 quispiam,
870 664 904 730 id
925 664 980 730 hic
1002 685 1081 731 vera
1098 685 1176 731 vooc
1194 664 1362 752 proclamo
1383 687 1388 730 :

313 799 408 868 Satis
420 797 508 864 mitt
525 801 629 887 potori
648 797 791 873 ueteres,
812 797 899 865 satis
916 804 961 863 est
976 817 1073 879 ituras,
1096 800 1181 864 sotis
1195 803 1242 863 ert
1259 797 1388 863 uullres.

357 1250 394 1316 ld
402 1258 535 1316 tantum
547 1257 634 1339 peto.
651 1258 689 1316 ut
700 1251 904 1339 quicumque
917 1249 988 1316 haec
1000 1256 1154 1338 tangent,
1166 1227 1389 1338 cognoscendi

310 1373 464 1451 animum¹
489 1381 656 1461 adferant,
675 1391 708 1449 et
728 1382 830 1450 simul
859 1381 1069 1471 ignoscendi.
1098 1382 1144 1447 Ut
1166 1380 1275 1448 sicubi
1303 1380 1388 1447 forte

307 1515 420 1604 lapsus
450 1515 526 1594 sim,
553 1514 736 1602 praesertim
765 1535 842 1580 cum
866 1512 955 1580 locos
983 1512 1058 1580 illos
1086 1511 1220 1580 altiores
1248 1521 1387 1579 conatus

308 1647 466 1714 scandere
482 1648 523 1714 de
543 1646 769 1724 Providentia,
790 1646 936 1725 Iustitia,
957 1647 1064 1712 Fato:
1085 1646 1287 1725 condonent,
1308 1640 1388 1735 quia

308 1802 475 1870 nusquam
506 1787 594 1847 certe
618 1778 749 1845 malitia
771 1785 830 1844 aut
848 1778 1036 1867 pertinacia
1065 1786 1130 1857 cst,
1156 1777 1215 1844 sed
1234 1777 1387 1844 humana

308 1913 425 1982 saltem
441 1911 656 1980 imbecillitas
669 1920 701 1978 et
714 1909 837 1999 caligo.
852 1910 1004 2000 Denique
1018 1910 1114 1977 abiis
1132 1909 1250 1978 docear
1264 1931 1273 1976 ε
1293 1911 1384 1991 faxo,

306 2051 345 2110 ut
361 2065 458 2111 nemo
477 2053 547 2110 tam
574 2050 747 2132 promptus
768 2039 811 2108 ad
831 2040 1035 2109 mouendum
1063 2042 1119 2119 sit,
1141 2063 1243 2131 quam
1259 2063 1324 2131 ego
1343 2044 1386 2110 ad

306 2178 518 2246 mutandum.
550 2176 676 2244 Caetera
708 2175 797 2242 vicia
830 2181 958 2241 naturae
988 2195 1063 2240 mea
1101 2196 1168 2241 non
1199 2174 1295 2242 demo
1327 2187 1386 2243 aut

305 2313 421 2377 minuo
437 2335 445 2377 ε
460 2310 679 2399 pertinaciam
693 2316 727 2375 ct
746 2307 998 2376 contentionum
1009 2306 1161 2374 studium
1173 2307 1259 2374 serio
1273 2307 1386 2397 deprc-

305 2463 362 2509 cor
376 2443 418 2509 ab
434 2464 473 2508 ca
489 2450 521 2509 et
541 2443 700 2509 detestor.

349 2630 448 2699 Salve
463 2630 507 2696 mi
520 2631 652 2710 Lector,
668 2627 758 2718 quod
771 2629 902 2695 utinam
918 2650 978 2717 psr
988 2627 1081 2695 hunc
1097 2626 1223 2695 librum
1237 2628 1272 2694 in
1289 2636 1383 2716 parte

306 2764 369 2830 tibi
386 2764 430 2830 sit
447 2766 454 2829 l
