3262 5190
723 550 845 612 -424
870 585 910 594 -

272 733 384 804 decim
402 731 497 802 viros
523 754 586 824 per
603 730 751 802 insidias
769 739 875 802 noctu
898 729 1163 813 interfecerant,
1187 742 1222 800 et
1240 752 1360 800 come·

273 872 399 943 derant
427 896 434 940 :
465 871 552 964 ipsae
578 870 752 941 adecimo
771 878 908 952 octavu,
931 870 1013 963 quid
1039 870 1074 940 id
1096 869 1154 961 agi
1178 879 1355 951 senserat,

274 1032 392 1080 caesae.
414 1009 447 1081 N
451 1032 489 1079 ec
508 1008 621 1079 refero
637 1008 672 1079 in
688 1009 799 1080 Sacra
812 1009 898 1080 urbe
912 1008 1053 1092 famem,
1067 1016 1101 1080 et
1115 1007 1274 1101 exempla
1281 1007 1358 1100 jam

274 1147 438 1242 protrita.
1044 1206 1064 1257 ,Ι

323 1484 424 1561 Quod
443 1483 525 1555 side
539 1484 698 1554 Tribulis
712 1483 817 1554 etiam
836 1484 969 1577 aliquid
987 1452 1172 1555 dicendum
1187 1493 1241 1555 est
1260 1509 1267 1554 ε
1288 1507 1358 1554 nou

275 1646 366 1714 nego
381 1623 507 1715 gravia
520 1646 598 1693 esse
613 1623 740 1715 quibus
752 1623 957 1716 premimur,
974 1623 1035 1694 sed
1050 1623 1101 1693 ita
1114 1624 1144 1693 si
1158 1623 1235 1694 sola
1248 1631 1283 1694 et
1295 1645 1360 1716 per

275 1784 312 1830 sc
331 1785 374 1830 ea
390 1760 524 1842 videas,
545 1782 616 1830 nou
640 1759 669 1831 si
693 1783 882 1853 componas
904 1785 981 1831 cum
1004 1761 1144 1855 priscis.
1172 1763 1359 1855 Pleraeque

276 1922 397 1986 omues
423 1899 614 1993 provinciae
641 1901 706 1970 sub
733 1900 897 1971 Romano
924 1902 1085 1994 imperio,
1112 1902 1288 1977 fructuum
1314 1923 1360 1971 ex

275 2060 363 2130 agro
389 2061 520 2131 pascuo
541 2044 706 2115 Quintam
725 2040 913 2132 quotannis
938 2040 1154 2133 persolvere,
1175 2044 1356 2109 Decimam

274 2203 318 2250 ex
338 2201 425 2272 agro
453 2202 551 2250 arvn.
579 2181 654 2250 Nec
673 2181 815 2251 defuere
832 2181 1008 2253 Antonius
1034 2192 1069 2254 et
1089 2184 1213 2253 Caesar
1230 2203 1356 2251 novem

276 2323 464 2415 decemque
490 2344 662 2391 annorum
691 2323 823 2393 tributa
847 2324 989 2416 exigere
1016 2325 1052 2394 in
1079 2348 1186 2395 uuum
1209 2347 1354 2394 anuum.

274 2461 370 2531 lulio
398 2460 542 2532 Caesare
560 2462 757 2544 interfecto,
783 2486 860 2533 cum
879 2487 980 2535 arma
1006 2472 1146 2558 sumpta
1170 2487 1234 2559 pro
1252 2464 1358 2534 liber-

277 2607 363 2682 tate,
390 2598 521 2692 singuli
547 2600 640 2672 cives
670 2607 1043 2691 viperimamquimom
1067 2604 1222 2675 omnium
1248 2604 1358 2674 bono-

275 2764 353 2811 rum
372 2739 570 2833 dependere
581 2739 674 2834 jussi
691 2767 698 2812 :
717 2749 753 2813 et
769 2742 836 2814 hoc
849 2742 1013 2836 amplius,
1032 2742 1209 2814 Senatorii
1223 2741 1358 2813 ordinis

277 2880 1359 2979 omnes,iusingulasaediumsuarumtegulasscoeossesQuae

277 3027 449 3096 immensa
463 3024 686 3105 contributio,
705 3024 904 3116 nostrisque
923 3021 1084 3093 sensibus
1102 3045 1167 3093 nec
1184 3020 1360 3092 credenda

277 3185 341 3232 nec
350 3161 540 3231 reddenda.
550 3159 819 3230 AtOctaviauus
834 3161 1093 3254 Caesar,(credo
1104 3161 1241 3231 ratione
1251 3159 1361 3241 nomi-

277 3299 332 3369 nis
347 3298 400 3368 sui
414 3297 546 3391 habita)
562 3307 721 3367 octavam
731 3297 886 3368 omnium
894 3298 1066 3368 bonorum
1077 3306 1213 3391 partem
1228 3297 1361 3368 aliber-

276 3439 322 3509 tis
341 3435 470 3530 exegit,
483 3443 518 3507 et
530 3435 676 3529 accepit.
693 3436 739 3507 Et
754 3437 966 3530 omittoquae
980 3436 1184 3519 Triumviri,
1201 3459 1281 3530 quae
1299 3436 1360 3507 alii

278 3576 421 3673 tyranni
449 3582 681 3669 patraverunt
711 3597 784 3645 :ne
811 3581 952 3645 nostros
975 3575 1132 3656 doceam,
1163 3573 1356 3645 recitando

279 3722 397 3792 Unum
427 3717 490 3789 tibi
521 3717 636 3788 instar
661 3715 816 3800 omnium
843 3715 1064 3786 exactionum
1088 3715 1360 3809 rapinarumque

279 3857 337 3939 sit,
359 3856 402 3926 de
429 3854 596 3926 Coloniis.
619 3853 696 3932 Quo
723 3854 863 3924 invento
883 3861 921 3923 ut
948 3853 1035 3923 nihil
1059 3853 1104 3923 ad
1126 3853 1196 3923 vim
1222 3853 1360 3947 imperii

279 3993 428 4075 firmius,
455 3991 504 4062 ita
535 3991 621 4062 uihil
650 3992 685 4060 in
704 3991 864 4062 subditos
890 3991 1038 4084 cogitari
1065 3991 1178 4084 potuit
1205 3990 1356 4062 tristius

215 4232 225 4246 Ι
280 4134 553 4206 Deduoebantur
582 4133 715 4226 passim
739 4133 898 4226 legiones
921 4134 1155 4228 cohortesque
1180 4143 1359 4205 veteranae

278 4273 314 4343 in
341 4266 447 4366 agros
470 4280 505 4344 et
530 4272 675 4365 oppida;
711 4271 898 4365 miserique
920 4272 1155 4367 provinciales
1182 4282 1358 4345 momento
