3262 5190
684 462 806 526 -450
831 497 866 508 -

368 643 405 695 M.
418 643 478 694 iai.
496 641 565 703 sus,
578 642 677 693 ancien
695 642 887 694 commissaire
904 643 955 693 des
973 643 1128 704 monnaiea‚
1142 643 1264 695 membre
1284 645 1319 694 de

469 732 635 784 l'Aeademie
649 732 742 797 royale
754 733 788 782 de
800 730 947 797 Belgique‚
961 735 1014 783 etc.

369 864 406 914 M.
422 864 520 915 ιω.
534 862 561 913 nr
578 863 683 914 inarum
701 864 728 914 nr
741 852 849 927 aniani,
863 865 992 915 auditeur
1004 863 1129 929 general,
1142 865 1265 915 membre
1283 865 1321 914 nu

469 953 579 1005 Conseil
592 953 764 1016 heraldique,
774 955 826 1005 etc.

370 1082 407 1133 M.
422 1081 460 1133 Mi.
475 1081 568 1145 iiiiii,
587 1083 715 1134 ministre
733 1072 835 1145 nnbat,
853 1083 952 1134 ancien
968 1083 1091 1134 membre
1109 1082 1146 1132 du
1162 1082 1320 1133 Gouverne·

469 1174 545 1223 ment
559 1173 712 1238 provisoire
724 1175 752 1224 et
760 1173 798 1223 du
808 1174 931 1237 congrae
942 1170 1077 1233 national,
1085 1171 1184 1222 ancien
1194 1171 1322 1222 ministre

467 1263 517 1314 dee
541 1265 657 1313 travaux
679 1261 798 1326 publiea,
822 1261 922 1312 ancien
946 1261 1074 1312 ministre
1097 1261 1131 1310 de
1158 1259 1322 1321 l'interienr,

469 1353 567 1404 ancien
580 1352 708 1402 ministre
720 1351 770 1402 dee
787 1350 898 1401 affairea
916 1352 1089 1415 etrangema
1102 1350 1225 1401 membre
1243 1350 1276 1400 de
1295 1349 1323 1400 la

469 1442 604 1493 chambre
616 1441 665 1491 dea
678 1441 897 1505 representante,
909 1442 961 1492 etc.

370 1573 408 1624 M.
422 1574 447 1623 le
459 1572 598 1624 chevalier
609 1570 637 1620 M
654 1569 864 1621 strenuitati!
881 1569 1034 1634 initiatur,
1051 1571 1200 1623 eonseiller
1215 1571 1324 1636 provin·

469 1662 534 1726 cial,
546 1666 564 1713 a
576 1661 791 1713 saint-Nicolas.

370 1796 406 1848 M.
422 1794 555 1855 imiimi,
569 1805 744 1858 gouverneur
759 1793 794 1843 de
808 1791 836 1843 la
853 1791 968 1855 Banqne
984 1792 1019 1843 de
1040 1791 1186 1859 Belgique‚
1198 1793 1322 1843 membre

471 1884 507 1935 du
520 1883 617 1945 senat,
629 1885 682 1934 etc.

369 2014 406 2066 n.
425 2015 462 2067 n.
482 2013 617 2076 inmun,
630 2013 757 2064 ministre
769 2001 872 2075 enitar.
888 2013 988 2064 annon
1001 2013 1128 2064 ministre
1143 2013 1192 2063 nes
1205 2015 1321 2064 travaux

469 2104 589 2170 publica,
600 2104 699 2156 ancien
712 2103 840 2154 ministre
851 2104 900 2154 des
912 2102 1023 2153 affairee
1033 2103 1204 2169 etrangeree,
1218 2104 1270 2153 etc.

370 2235 407 2286 M.
421 2235 480 2288 m.
494 2234 611 2293 MMMU,
626 2234 726 2284 ancien
738 2234 861 2284 membre
872 2233 907 2284 de
919 2231 947 2283 ia
963 2233 1101 2284 chambre
1113 2232 1162 2282 des
1175 2233 1320 2296 represen-

468 2328 552 2384 tants,
570 2325 713 2389 president
731 2324 765 2374 de
785 2324 813 2373 la
829 2323 1000 2387 compagnie
1018 2323 1067 2373 dee
1087 2322 1213 2373 chemine
1231 2322 1266 2372 de
1283 2323 1323 2370 ier

468 2416 501 2465 de
514 2415 637 2466 Tournai
650 2413 791 2464 aim-biso
803 2415 831 2464 et
847 2414 881 2463 de
897 2413 1009 2463 handen
1023 2416 1040 2463 a
1052 2412 1177 2475 Mamali,
1190 2415 1243 2463 etc.

371 2544 409 2596 M.
421 2545 447 2595 le
466 2546 553 2595 baron
571 2532 663 2595 ΑΙέῦέΕ
681 2544 765 2608 iiiiii,
783 2545 886 2610 envoye
907 2543 1127 2594 extraordinaire
1146 2545 1174 2594 et
1194 2542 1322 2592 ministre

468 2635 710 2700 plenipotentiaire
719 2636 753 2686 de
763 2635 792 2686 S.
804 2634 840 2687 M.
851 2634 877 2685 le
888 2633 941 2686 Rei
951 2635 1000 2686 dee
1011 2633 1112 2698 Belges
1120 2637 1185 2715 pree
1196 2633 1221 2682 le
1232 2633 1322 2684 Saint-

470 2726 562 2790 siege.

372 2858 409 2910 M.
425 2847 491 2908 iiiii
505 2856 632 2917 MUMML
646 2854 795 2906 industriel
807 2858 824 2905 a
836 2852 990 2904 Bruxellee.

370 2947 408 3040 M.
421 2988 508 3039 l'abbe
521 2986 595 3037 iii-i.
609 2985 680 3048 roni,
693 2985 795 3035 vicaire
807 2987 824 3033 a
835 2983 1076 3048 viena-Genappe.

372 3111 409 3164 M.
423 3111 444 3162 i.
459 3111 486 3159 iii
497 3109 563 3171 iiii,
574 3110 697 3159 membre
709 3108 743 3157 de
753 3107 781 3156 la
790 3106 928 3155 Chambre
940 3106 990 3155 dea
1002 3106 1221 3169 representante.

372 3239 410 3290 M.
423 3241 444 3289 i.
462 3238 546 3298 iiiii,
559 3239 697 3288 directeur
712 3236 826 3301 general
841 3236 878 3285 dn
895 3235 1117 3286 Grand-Central
1129 3235 1219 3300 belga,
1231 3235 1320 3285 admi-

470 3329 622 3379 nistrateur
630 3328 664 3378 de
675 3327 703 3377 la
714 3326 830 3389 Benque
839 3328 873 3376 de
887 3325 1041 3386 Bruxelies,
1052 3329 1105 3377 ete.

370 3454 410 3505 La
422 3452 489 3503 iiii!
502 3451 582 3504 d'iiii.

370 3577 407 3629 M.
422 3574 675 3637 brientii-iterari,
689 3575 863 3639 negocianta
876 3572 1031 3623 Bruxellee.

270 3718 277 3736 ·
370 3709 407 3761 M.
422 3708 524 3759 inrisui
537 3706 661 3769 humilii,
675 3706 824 3772 negociant
835 3710 852 3756 a
864 3703 1019 3761 Bruxellea,

270 3845 278 3868 ‘
370 3840 407 3891 M.
422 3842 447 3890 le
460 3842 547 3891 baron
565 3836 688 3901 eufimii,
704 3837 930 3903 general-major,
942 3837 1004 3886 aide
1017 3835 1050 3885 de
1063 3847 1144 3898 camp
1153 3835 1187 3884 de
1200 3832 1228 3883 S.
1242 3832 1280 3883 M.
1295 3833 1320 3882 le

471 3930 535 3991 Rei,
556 3929 704 3980 secretaire
724 3928 773 3978 dee
790 3927 1045 3979 commendementa
1066 3925 1103 3975 du
1125 3922 1179 3975 Rei
1195 3923 1223 3974 et
1241 3923 1275 3973 de
1293 3923 1320 3972 la

470 4019 569 4081 Reine,
582 4023 634 4069 ete.

371 4144 408 4195 M.
423 4141 530 4205 MEMM,
544 4144 735 4205 bourgmestre
752 4142 787 4191 de
804 4140 899 4205 LMge,
916 4141 1015 4191 ancien
1032 4139 1159 4190 ministre
1179 4139 1213 4189 de
1230 4137 1319 4188 l'inte-

469 4246 553 4284 rieur.
