<?xml version="1.0" encoding="UTF-8"?>
<!DOCTYPE html PUBLIC "-//W3C//DTD XHTML 1.0 Transitional//EN"
    "http://www.w3.org/TR/xhtml1/DTD/xhtml1-transitional.dtd">
<html xmlns="http://www.w3.org/1999/xhtml" xml:lang="en" lang="en">
 <head>
  <title>
</title>
<meta http-equiv="Content-Type" content="text/html;charset=utf-8" />
  <meta name='ocr-system' content='tesseract 3.04.00' />
  <meta name='ocr-capabilities' content='ocr_page ocr_carea ocr_par ocr_line ocrx_word'/>
</head>
<body>
  <div class='ocr_page' id='page_1' title='image "./traitdelaconsta00boisgoog_0435.png"; bbox 0 0 3262 5190; ppageno 0'>
   <div class='ocr_carea' id='block_1_1' title="bbox 730 467 913 530">
    <p class='ocr_par' dir='ltr' id='par_1_1' title="bbox 730 467 913 530">
     <span class='ocr_line' id='line_1_1' title="bbox 730 467 913 530; baseline 0 0"><span class='ocrx_word' id='word_1_1' title='bbox 730 501 768 511; x_wconf 90' lang='lat'><em>-</em></span> <span class='ocrx_word' id='word_1_2' title='bbox 791 467 913 530; x_wconf 69' lang='lat'>430-</span> 
     </span>
    </p>
   </div>
   <div class='ocr_carea' id='block_1_2' title="bbox 281 644 1379 877">
    <p class='ocr_par' dir='ltr' id='par_1_2' title="bbox 281 644 1379 877">
     <span class='ocr_line' id='line_1_2' title="bbox 284 644 1379 739; baseline 0.003 -24"><span class='ocrx_word' id='word_1_3' title='bbox 284 670 412 739; x_wconf 90' lang='lat' dir='ltr'><strong>rusque</strong></span> <span class='ocrx_word' id='word_1_4' title='bbox 438 655 503 728; x_wconf 89' lang='lat' dir='ltr'><strong>est,</strong></span> <span class='ocrx_word' id='word_1_5' title='bbox 526 647 570 716; x_wconf 89' lang='lat' dir='ltr'><strong>ab</strong></span> <span class='ocrx_word' id='word_1_6' title='bbox 592 653 671 717; x_wconf 91' lang='lat' dir='ltr'><strong>ortu</strong></span> <span class='ocrx_word' id='word_1_7' title='bbox 692 646 786 716; x_wconf 93' lang='lat' dir='ltr'><strong>omni</strong></span> <span class='ocrx_word' id='word_1_8' title='bbox 813 645 858 716; x_wconf 90' lang='lat' dir='ltr'><strong>ad</strong></span> <span class='ocrx_word' id='word_1_9' title='bbox 882 645 1062 717; x_wconf 87' lang='lat' dir='ltr'><strong>occasum!</strong></span> <span class='ocrx_word' id='word_1_10' title='bbox 1090 644 1309 739; x_wconf 81' lang='lat' dir='ltr'><strong>Appianum,</strong></span> <span class='ocrx_word' id='word_1_11' title='bbox 1343 648 1379 718; x_wconf 89' lang='lat' dir='ltr'><strong>si</strong></span> 
     </span>
     <span class='ocr_line' id='line_1_3' title="bbox 281 781 1376 877; baseline 0.001 -23"><span class='ocrx_word' id='word_1_12' title='bbox 281 785 390 865; x_wconf 85' lang='lat' dir='ltr'><strong>voles,</strong></span> <span class='ocrx_word' id='word_1_13' title='bbox 410 785 502 877; x_wconf 84' lang='lat' dir='ltr'><strong>lege,</strong></span> <span class='ocrx_word' id='word_1_14' title='bbox 529 791 563 854; x_wconf 92' lang='lat' dir='ltr'><strong>et</strong></span> <span class='ocrx_word' id='word_1_15' title='bbox 581 782 618 852; x_wconf 94' lang='lat' dir='ltr'><strong>in</strong></span> <span class='ocrx_word' id='word_1_16' title='bbox 636 806 677 853; x_wconf 92' lang='lat' dir='ltr'><strong>eo</strong></span> <span class='ocrx_word' id='word_1_17' title='bbox 701 781 836 853; x_wconf 91' lang='lat' dir='ltr'><strong>variam</strong></span> <span class='ocrx_word' id='word_1_18' title='bbox 854 783 1054 877; x_wconf 86' lang='lat' dir='ltr'><strong>foedamque</strong></span> <span class='ocrx_word' id='word_1_19' title='bbox 1072 783 1264 877; x_wconf 80' lang='lat' dir='ltr'><strong>imaginem</strong></span> <span class='ocrx_word' id='word_1_20' title='bbox 1283 785 1376 857; x_wconf 90' lang='lat' dir='ltr'><strong>lati-</strong></span> 
     </span>
    </p>
   </div>
   <div class='ocr_carea' id='block_1_3' title="bbox 281 907 1374 1016">
    <p class='ocr_par' dir='ltr' id='par_1_3' title="bbox 281 907 1374 1016">
     <span class='ocr_line' id='line_1_4' title="bbox 281 907 1374 1016; baseline 0.002 -22"><span class='ocrx_word' id='word_1_21' title='bbox 281 907 442 1007; x_wconf 86' lang='lat' dir='ltr'><strong>tantium,</strong></span> <span class='ocrx_word' id='word_1_22' title='bbox 468 922 695 1016; x_wconf 80' lang='lat' dir='ltr'><strong>fugientium3</strong></span> <span class='ocrx_word' id='word_1_23' title='bbox 718 923 929 1006; x_wconf 90' lang='lat' dir='ltr'><strong>sistentium,</strong></span> <span class='ocrx_word' id='word_1_24' title='bbox 951 920 1374 1009; x_wconf 80' lang='lat' dir='ltr'><strong>extrahentium31ibro-</strong></span> 
     </span>
    </p>
   </div>
   <div class='ocr_carea' id='block_1_4' title="bbox 281 1061 1373 1157">
    <p class='ocr_par' dir='ltr' id='par_1_4' title="bbox 281 1061 1373 1157">
     <span class='ocr_line' id='line_1_5' title="bbox 281 1061 1373 1157; baseline 0.003 -25"><span class='ocrx_word' id='word_1_25' title='bbox 281 1086 358 1133; x_wconf 89' lang='lat' dir='ltr'><strong>rum</strong></span> <span class='ocrx_word' id='word_1_26' title='bbox 377 1062 471 1133; x_wconf 91' lang='lat' dir='ltr'><strong>circa</strong></span> <span class='ocrx_word' id='word_1_27' title='bbox 489 1061 707 1155; x_wconf 79' lang='lat' dir='ltr'><strong>ejulantium,</strong></span> <span class='ocrx_word' id='word_1_28' title='bbox 729 1071 764 1133; x_wconf 88' lang='lat' dir='ltr'><strong>et</strong></span> <span class='ocrx_word' id='word_1_29' title='bbox 787 1063 974 1155; x_wconf 82' lang='lat' dir='ltr'><strong>conjugum</strong></span> <span class='ocrx_word' id='word_1_30' title='bbox 1001 1089 1008 1134; x_wconf 93' lang='lat'>:</span> <span class='ocrx_word' id='word_1_31' title='bbox 1030 1086 1173 1157; x_wconf 80' lang='lat' dir='ltr'><strong>peream</strong></span> <span class='ocrx_word' id='word_1_32' title='bbox 1191 1086 1272 1156; x_wconf 80' lang='lat' dir='ltr'><strong>ego,</strong></span> <span class='ocrx_word' id='word_1_33' title='bbox 1294 1065 1373 1135; x_wconf 91' lang='lat' dir='ltr'><strong>nisi</strong></span> 
     </span>
    </p>
   </div>
   <div class='ocr_carea' id='block_1_5' title="bbox 280 1200 1369 1575">
    <p class='ocr_par' dir='ltr' id='par_1_5' title="bbox 280 1200 1369 1575">
     <span class='ocr_line' id='line_1_6' title="bbox 280 1200 1369 1295; baseline 0.004 -23"><span class='ocrx_word' id='word_1_34' title='bbox 280 1201 533 1272; x_wconf 79' lang='lat' dir='ltr'><strong>humanitatem</strong></span> <span class='ocrx_word' id='word_1_35' title='bbox 564 1201 677 1295; x_wconf 86' lang='lat' dir='ltr'><strong>ipsam</strong></span> <span class='ocrx_word' id='word_1_36' title='bbox 704 1201 851 1294; x_wconf 88' lang='lat' dir='ltr'><strong>periisse</strong></span> <span class='ocrx_word' id='word_1_37' title='bbox 878 1200 973 1273; x_wconf 90' lang='lat' dir='ltr'><strong>dices</strong></span> <span class='ocrx_word' id='word_1_38' title='bbox 996 1202 1071 1273; x_wconf 88' lang='lat' dir='ltr'><strong>fero</strong></span> <span class='ocrx_word' id='word_1_39' title='bbox 1100 1209 1135 1274; x_wconf 87' lang='lat' dir='ltr'><strong>et</strong></span> <span class='ocrx_word' id='word_1_40' title='bbox 1156 1202 1270 1274; x_wconf 86' lang='lat' dir='ltr'><strong>serino</strong></span> <span class='ocrx_word' id='word_1_41' title='bbox 1299 1203 1369 1276; x_wconf 94' lang='lat' dir='ltr'><strong>illo</strong></span> 
     </span>
     <span class='ocr_line' id='line_1_7' title="bbox 282 1339 1368 1437; baseline 0.004 -25"><span class='ocrx_word' id='word_1_42' title='bbox 282 1364 371 1412; x_wconf 87' lang='lat' dir='ltr'><strong>aevo.</strong></span> <span class='ocrx_word' id='word_1_43' title='bbox 393 1340 509 1434; x_wconf 83' lang='lat' dir='ltr'><strong>Atque</strong></span> <span class='ocrx_word' id='word_1_44' title='bbox 523 1339 600 1411; x_wconf 91' lang='lat' dir='ltr'><strong>haec</strong></span> <span class='ocrx_word' id='word_1_45' title='bbox 617 1340 654 1410; x_wconf 92' lang='lat' dir='ltr'><strong>in</strong></span> <span class='ocrx_word' id='word_1_46' title='bbox 671 1341 903 1412; x_wconf 88' lang='lat' dir='ltr'><strong>Senatoribus</strong></span> <span class='ocrx_word' id='word_1_47' title='bbox 921 1342 1167 1436; x_wconf 84' lang='lat' dir='ltr'><strong>equitibusque</strong></span> <span class='ocrx_word' id='word_1_48' title='bbox 1180 1350 1283 1437; x_wconf 87' lang='lat' dir='ltr'><strong>gesta</strong></span> <span class='ocrx_word' id='word_1_49' title='bbox 1300 1371 1307 1416; x_wconf 92' lang='lat'>:</span> <span class='ocrx_word' id='word_1_50' title='bbox 1325 1346 1368 1416; x_wconf 92' lang='lat' dir='ltr'><strong>id</strong></span> 
     </span>
     <span class='ocr_line' id='line_1_8' title="bbox 280 1480 1054 1575; baseline 0.001 -24"><span class='ocrx_word' id='word_1_51' title='bbox 280 1488 347 1562; x_wconf 89' lang='lat' dir='ltr'><strong>est,</strong></span> <span class='ocrx_word' id='word_1_52' title='bbox 368 1481 514 1551; x_wconf 88' lang='lat' dir='ltr'><strong>totidem</strong></span> <span class='ocrx_word' id='word_1_53' title='bbox 527 1504 628 1573; x_wconf 88' lang='lat' dir='ltr'><strong>paene</strong></span> <span class='ocrx_word' id='word_1_54' title='bbox 642 1480 785 1573; x_wconf 89' lang='lat' dir='ltr'><strong>regibus</strong></span> <span class='ocrx_word' id='word_1_55' title='bbox 801 1488 862 1552; x_wconf 91' lang='lat' dir='ltr'><strong>aut</strong></span> <span class='ocrx_word' id='word_1_56' title='bbox 879 1481 1054 1575; x_wconf 90' lang='lat' dir='ltr'><strong>dynastis.</strong></span> 
     </span>
    </p>
   </div>
   <div class='ocr_carea' id='block_1_6' title="bbox 272 1714 1367 2928">
    <p class='ocr_par' dir='ltr' id='par_1_6' title="bbox 272 1714 1367 2928">
     <span class='ocr_line' id='line_1_9' title="bbox 330 1714 1366 1790; baseline 0.002 -2"><span class='ocrx_word' id='word_1_57' title='bbox 330 1715 399 1788; x_wconf 88' lang='lat' dir='ltr'><strong>Sed</strong></span> <span class='ocrx_word' id='word_1_58' title='bbox 417 1717 452 1786; x_wconf 96' lang='lat' dir='ltr'><strong>in</strong></span> <span class='ocrx_word' id='word_1_59' title='bbox 471 1714 730 1787; x_wconf 87' lang='lat' dir='ltr'><strong>multitudinem</strong></span> <span class='ocrx_word' id='word_1_60' title='bbox 747 1717 900 1788; x_wconf 84' lang='lat' dir='ltr'><strong>sortasse</strong></span> <span class='ocrx_word' id='word_1_61' title='bbox 914 1740 984 1789; x_wconf 94' lang='lat' dir='ltr'><strong>non</strong></span> <span class='ocrx_word' id='word_1_62' title='bbox 999 1718 1174 1789; x_wconf 87' lang='lat' dir='ltr'><strong>saevitum.</strong></span> <span class='ocrx_word' id='word_1_63' title='bbox 1192 1720 1266 1789; x_wconf 93' lang='lat' dir='ltr'><strong>lmo</strong></span> <span class='ocrx_word' id='word_1_64' title='bbox 1280 1719 1366 1790; x_wconf 87' lang='lat' dir='ltr'><strong>vide</strong></span> 
     </span>
     <span class='ocr_line' id='line_1_10' title="bbox 280 1855 1367 1950; baseline 0 -22"><span class='ocrx_word' id='word_1_65' title='bbox 280 1855 364 1928; x_wconf 91' lang='lat' dir='ltr'><strong>mihi</strong></span> <span class='ocrx_word' id='word_1_66' title='bbox 383 1856 543 1926; x_wconf 89' lang='lat' dir='ltr'><strong>eumdem</strong></span> <span class='ocrx_word' id='word_1_67' title='bbox 558 1856 705 1950; x_wconf 85' lang='lat' dir='ltr'><strong>Syllam,</strong></span> <span class='ocrx_word' id='word_1_68' title='bbox 727 1856 786 1949; x_wconf 92' lang='lat' dir='ltr'><strong>qui</strong></span> <span class='ocrx_word' id='word_1_69' title='bbox 812 1865 964 1944; x_wconf 84' lang='lat' dir='ltr'><strong>quatuor</strong></span> <span class='ocrx_word' id='word_1_70' title='bbox 989 1862 1143 1946; x_wconf 77' lang='lat' dir='ltr'><strong>lepiones</strong></span> <span class='ocrx_word' id='word_1_71' title='bbox 1169 1863 1367 1928; x_wconf 65' lang='lat' dir='ltr'><strong>contrariae</strong></span> 
     </span>
     <span class='ocr_line' id='line_1_11' title="bbox 272 1999 1362 2085; baseline 0.001 -20"><span class='ocrx_word' id='word_1_72' title='bbox 272 2001 403 2085; x_wconf 77' lang='lat' dir='ltr'><strong>partia,</strong></span> <span class='ocrx_word' id='word_1_73' title='bbox 421 2000 528 2082; x_wconf 71' lang='lat' dir='ltr'><strong>sidera</strong></span> <span class='ocrx_word' id='word_1_74' title='bbox 542 2000 618 2085; x_wconf 84' lang='lat' dir='ltr'><strong>ejus</strong></span> <span class='ocrx_word' id='word_1_75' title='bbox 630 2005 777 2075; x_wconf 81' lang='lat' dir='ltr'><strong>secutas,</strong></span> <span class='ocrx_word' id='word_1_76' title='bbox 793 2001 831 2064; x_wconf 86' lang='lat' dir='ltr'><strong>in</strong></span> <span class='ocrx_word' id='word_1_77' title='bbox 842 1999 986 2084; x_wconf 80' lang='lat' dir='ltr'><strong>publica</strong></span> <span class='ocrx_word' id='word_1_78' title='bbox 1007 1999 1105 2076; x_wconf 86' lang='lat' dir='ltr'><strong>Villa,</strong></span> <span class='ocrx_word' id='word_1_79' title='bbox 1124 2001 1362 2084; x_wconf 80' lang='lat' dir='ltr'><strong>nequicquam</strong></span> 
     </span>
     <span class='ocr_line' id='line_1_12' title="bbox 276 2135 1365 2221; baseline 0 -18"><span class='ocrx_word' id='word_1_80' title='bbox 276 2139 419 2220; x_wconf 83' lang='lat' dir='ltr'><strong>fallacis</strong></span> <span class='ocrx_word' id='word_1_81' title='bbox 435 2138 574 2202; x_wconf 74' lang='lat' dir='ltr'><strong>deutra</strong></span> <span class='ocrx_word' id='word_1_82' title='bbox 587 2137 872 2202; x_wconf 80' lang='lat' dir='ltr'><strong>inisericordiam</strong></span> <span class='ocrx_word' id='word_1_83' title='bbox 895 2137 1137 2221; x_wconf 68' lang='lat' dir='ltr'><strong>implorantes</strong></span> <span class='ocrx_word' id='word_1_84' title='bbox 1155 2135 1365 2203; x_wconf 81' lang='lat' dir='ltr'><strong>obtruncari</strong></span> 
     </span>
     <span class='ocr_line' id='line_1_13' title="bbox 276 2274 1360 2370; baseline 0.001 -25"><span class='ocrx_word' id='word_1_85' title='bbox 276 2281 392 2362; x_wconf 78' lang='lat' dir='ltr'><strong>jussit.</strong></span> <span class='ocrx_word' id='word_1_86' title='bbox 405 2277 563 2353; x_wconf 85' lang='lat' dir='ltr'><strong>Quorum</strong></span> <span class='ocrx_word' id='word_1_87' title='bbox 576 2298 654 2346; x_wconf 86' lang='lat' dir='ltr'><strong>oum</strong></span> <span class='ocrx_word' id='word_1_88' title='bbox 668 2274 891 2345; x_wconf 88' lang='lat' dir='ltr'><strong>morientium</strong></span> <span class='ocrx_word' id='word_1_89' title='bbox 904 2274 1204 2367; x_wconf 82' lang='lat' dir='ltr'><strong>gemitusCuriam</strong></span> <span class='ocrx_word' id='word_1_90' title='bbox 1221 2298 1360 2370; x_wconf 89' lang='lat' dir='ltr'><strong>quoque</strong></span> 
     </span>
     <span class='ocr_line' id='line_1_14' title="bbox 277 2415 1359 2507; baseline 0 -21"><span class='ocrx_word' id='word_1_91' title='bbox 277 2416 468 2507; x_wconf 80' lang='lat' dir='ltr'><strong>attigisset,</strong></span> <span class='ocrx_word' id='word_1_92' title='bbox 489 2415 639 2486; x_wconf 89' lang='lat' dir='ltr'><strong>attonito</strong></span> <span class='ocrx_word' id='word_1_93' title='bbox 658 2422 693 2485; x_wconf 89' lang='lat' dir='ltr'><strong>et</strong></span> <span class='ocrx_word' id='word_1_94' title='bbox 712 2437 881 2486; x_wconf 88' lang='lat' dir='ltr'><strong>converso</strong></span> <span class='ocrx_word' id='word_1_95' title='bbox 903 2415 1036 2486; x_wconf 87' lang='lat' dir='ltr'><strong>Senatu</strong></span> <span class='ocrx_word' id='word_1_96' title='bbox 1057 2441 1064 2485; x_wconf 91' lang='lat'>:</span> <span class='ocrx_word' id='word_1_97' title='bbox 1090 2421 1166 2485; x_wconf 85' lang='lat' dir='ltr'><strong>Hoc</strong></span> <span class='ocrx_word' id='word_1_98' title='bbox 1191 2439 1359 2504; x_wconf 77' lang='lat' dir='ltr'><strong>aponius,</strong></span> 
     </span>
     <span class='ocr_line' id='line_1_15' title="bbox 279 2554 1361 2648; baseline 0.004 -24"><span class='ocrx_word' id='word_1_99' title='bbox 279 2554 404 2648; x_wconf 92' lang='lat' dir='ltr'><strong>inquit,</strong></span> <span class='ocrx_word' id='word_1_100' title='bbox 432 2561 561 2625; x_wconf 83' lang='lat' dir='ltr'><strong>Patres</strong></span> <span class='ocrx_word' id='word_1_101' title='bbox 590 2559 789 2643; x_wconf 82' lang='lat' dir='ltr'><strong>conscripti,</strong></span> <span class='ocrx_word' id='word_1_102' title='bbox 815 2562 963 2644; x_wconf 79' lang='lat' dir='ltr'><strong>pauculi</strong></span> <span class='ocrx_word' id='word_1_103' title='bbox 988 2561 1146 2626; x_wconf 85' lang='lat' dir='ltr'><strong>seditiosi</strong></span> <span class='ocrx_word' id='word_1_104' title='bbox 1159 2561 1266 2645; x_wconf 79' lang='lat' dir='ltr'><strong>jussu</strong></span> <span class='ocrx_word' id='word_1_105' title='bbox 1283 2581 1361 2628; x_wconf 76' lang='lat' dir='ltr'><strong>ineo</strong></span> 
     </span>
     <span class='ocr_line' id='line_1_16' title="bbox 274 2694 1360 2788; baseline 0.004 -26"><span class='ocrx_word' id='word_1_106' title='bbox 274 2700 486 2783; x_wconf 82' lang='lat' dir='ltr'><strong>puniuntur.</strong></span> <span class='ocrx_word' id='word_1_107' title='bbox 509 2696 584 2766; x_wconf 89' lang='lat' dir='ltr'><strong>Neo</strong></span> <span class='ocrx_word' id='word_1_108' title='bbox 607 2695 679 2765; x_wconf 89' lang='lat' dir='ltr'><strong>scio</strong></span> <span class='ocrx_word' id='word_1_109' title='bbox 697 2694 781 2788; x_wconf 92' lang='lat' dir='ltr'><strong>quid</strong></span> <span class='ocrx_word' id='word_1_110' title='bbox 799 2695 914 2787; x_wconf 83' lang='lat' dir='ltr'><strong>magis</strong></span> <span class='ocrx_word' id='word_1_111' title='bbox 935 2695 991 2767; x_wconf 90' lang='lat' dir='ltr'><strong>hic</strong></span> <span class='ocrx_word' id='word_1_112' title='bbox 1009 2695 1116 2766; x_wconf 89' lang='lat' dir='ltr'><strong>mirer</strong></span> <span class='ocrx_word' id='word_1_113' title='bbox 1144 2721 1151 2766; x_wconf 92' lang='lat'>:</span> <span class='ocrx_word' id='word_1_114' title='bbox 1182 2694 1360 2767; x_wconf 89' lang='lat' dir='ltr'><strong>hominem</strong></span> 
     </span>
     <span class='ocr_line' id='line_1_17' title="bbox 275 2834 837 2928; baseline 0.002 -24"><span class='ocrx_word' id='word_1_115' title='bbox 275 2834 311 2905; x_wconf 93' lang='lat' dir='ltr'><strong>id</strong></span> <span class='ocrx_word' id='word_1_116' title='bbox 328 2835 444 2906; x_wconf 83' lang='lat' dir='ltr'><strong>lacere</strong></span> <span class='ocrx_word' id='word_1_117' title='bbox 457 2834 627 2928; x_wconf 90' lang='lat' dir='ltr'><strong>potuisse,</strong></span> <span class='ocrx_word' id='word_1_118' title='bbox 648 2857 694 2904; x_wconf 87' lang='lat' dir='ltr'><strong>an</strong></span> <span class='ocrx_word' id='word_1_119' title='bbox 708 2834 837 2905; x_wconf 87' lang='lat' dir='ltr'><strong>dicere.</strong></span> 
     </span>
    </p>
   </div>
   <div class='ocr_carea' id='block_1_7' title="bbox 264 3071 1360 4135">
    <p class='ocr_par' dir='ltr' id='par_1_7' title="bbox 264 3071 1360 4135">
     <span class='ocr_line' id='line_1_18' title="bbox 264 3071 1360 3166; baseline 0 -23"><span class='ocrx_word' id='word_1_120' title='bbox 264 3092 266 3096; x_wconf 74' lang='grc'>’</span> <span class='ocrx_word' id='word_1_121' title='bbox 325 3073 370 3143; x_wconf 86' lang='lat' dir='ltr'><strong>Et</strong></span> <span class='ocrx_word' id='word_1_122' title='bbox 394 3073 542 3166; x_wconf 88' lang='lat' dir='ltr'><strong>plurane</strong></span> <span class='ocrx_word' id='word_1_123' title='bbox 564 3072 680 3165; x_wconf 90' lang='lat' dir='ltr'><strong>poscis</strong></span> <span class='ocrx_word' id='word_1_124' title='bbox 708 3071 856 3143; x_wconf 69' lang='lat' dir='ltr'><strong>saevitiae</strong></span> <span class='ocrx_word' id='word_1_125' title='bbox 884 3072 1064 3166; x_wconf 80' lang='lat' dir='ltr'><strong>exemplat</strong></span> <span class='ocrx_word' id='word_1_126' title='bbox 1090 3094 1189 3166; x_wconf 88' lang='lat' dir='ltr'><strong>cape.</strong></span> <span class='ocrx_word' id='word_1_127' title='bbox 1212 3071 1360 3144; x_wconf 86' lang='lat' dir='ltr'><strong>Servius</strong></span> 
     </span>
     <span class='ocr_line' id='line_1_19' title="bbox 275 3208 1356 3303; baseline 0.002 -25"><span class='ocrx_word' id='word_1_128' title='bbox 275 3209 390 3279; x_wconf 87' lang='lat' dir='ltr'><strong>Galba</strong></span> <span class='ocrx_word' id='word_1_129' title='bbox 411 3210 447 3278; x_wconf 91' lang='lat' dir='ltr'><strong>in</strong></span> <span class='ocrx_word' id='word_1_130' title='bbox 475 3210 650 3301; x_wconf 88' lang='lat' dir='ltr'><strong>Hispania</strong></span> <span class='ocrx_word' id='word_1_131' title='bbox 672 3210 778 3281; x_wconf 90' lang='lat' dir='ltr'><strong>trium</strong></span> <span class='ocrx_word' id='word_1_132' title='bbox 801 3210 980 3280; x_wconf 86' lang='lat' dir='ltr'><strong>civitatum</strong></span> <span class='ocrx_word' id='word_1_133' title='bbox 999 3216 1190 3282; x_wconf 81' lang='lat' dir='ltr'><strong>convocato</strong></span> <span class='ocrx_word' id='word_1_134' title='bbox 1211 3208 1356 3303; x_wconf 85' lang='lat' dir='ltr'><strong>populo,</strong></span> 
     </span>
     <span class='ocr_line' id='line_1_20' title="bbox 274 3346 1359 3441; baseline 0.001 -23"><span class='ocrx_word' id='word_1_135' title='bbox 274 3348 317 3418; x_wconf 90' lang='lat' dir='ltr'><strong>de</strong></span> <span class='ocrx_word' id='word_1_136' title='bbox 336 3346 527 3419; x_wconf 89' lang='lat' dir='ltr'><strong>commodis</strong></span> <span class='ocrx_word' id='word_1_137' title='bbox 546 3370 669 3419; x_wconf 88' lang='lat' dir='ltr'><strong>earum</strong></span> <span class='ocrx_word' id='word_1_138' title='bbox 687 3355 843 3431; x_wconf 73' lang='lat' dir='ltr'><strong>acturus</strong></span> <span class='ocrx_word' id='word_1_139' title='bbox 864 3360 995 3438; x_wconf 84' lang='lat' dir='ltr'><strong>septem</strong></span> <span class='ocrx_word' id='word_1_140' title='bbox 1018 3353 1145 3430; x_wconf 80' lang='lat' dir='ltr'><strong>mittin,</strong></span> <span class='ocrx_word' id='word_1_141' title='bbox 1176 3348 1213 3418; x_wconf 92' lang='lat' dir='ltr'><strong>in</strong></span> <span class='ocrx_word' id='word_1_142' title='bbox 1231 3347 1359 3441; x_wconf 90' lang='lat' dir='ltr'><strong>quibus</strong></span> 
     </span>
     <span class='ocr_line' id='line_1_21' title="bbox 274 3485 1358 3581; baseline 0.001 -24"><span class='ocrx_word' id='word_1_143' title='bbox 274 3486 339 3558; x_wconf 89' lang='lat' dir='ltr'><strong>flos</strong></span> <span class='ocrx_word' id='word_1_144' title='bbox 347 3485 543 3580; x_wconf 88' lang='lat' dir='ltr'><strong>juventutis</strong></span> <span class='ocrx_word' id='word_1_145' title='bbox 559 3486 785 3568; x_wconf 89' lang='lat' dir='ltr'><strong>consistebat,</strong></span> <span class='ocrx_word' id='word_1_146' title='bbox 800 3496 943 3581; x_wconf 88' lang='lat' dir='ltr'><strong>repente</strong></span> <span class='ocrx_word' id='word_1_147' title='bbox 958 3488 1160 3559; x_wconf 84' lang='lat' dir='ltr'><strong>trucidavit.</strong></span> <span class='ocrx_word' id='word_1_148' title='bbox 1179 3488 1219 3557; x_wconf 94' lang='lat' dir='ltr'><strong>ln</strong></span> <span class='ocrx_word' id='word_1_149' title='bbox 1233 3487 1358 3558; x_wconf 89' lang='lat' dir='ltr'><strong>eadem</strong></span> 
     </span>
     <span class='ocr_line' id='line_1_22' title="bbox 275 3624 1360 3717; baseline -0.002 -22"><span class='ocrx_word' id='word_1_150' title='bbox 275 3625 419 3717; x_wconf 86' lang='lat' dir='ltr'><strong>regione</strong></span> <span class='ocrx_word' id='word_1_151' title='bbox 433 3625 474 3696; x_wconf 95' lang='lat' dir='ltr'><strong>L.</strong></span> <span class='ocrx_word' id='word_1_152' title='bbox 487 3624 644 3696; x_wconf 90' lang='lat' dir='ltr'><strong>Licinius</strong></span> <span class='ocrx_word' id='word_1_153' title='bbox 654 3624 823 3696; x_wconf 88' lang='lat' dir='ltr'><strong>Lucullus</strong></span> <span class='ocrx_word' id='word_1_154' title='bbox 837 3625 972 3707; x_wconf 88' lang='lat' dir='ltr'><strong>consul,</strong></span> <span class='ocrx_word' id='word_1_155' title='bbox 986 3626 1217 3697; x_wconf 87' lang='lat' dir='ltr'><strong>Caucaeorum</strong></span> <span class='ocrx_word' id='word_1_156' title='bbox 1229 3628 1360 3714; x_wconf 76' lang='lat' dir='ltr'><strong>aipinti</strong></span> 
     </span>
     <span class='ocr_line' id='line_1_23' title="bbox 273 3763 1357 3858; baseline 0.001 -24"><span class='ocrx_word' id='word_1_157' title='bbox 273 3765 709 3837; x_wconf 86' lang='lat' dir='ltr'><strong>mitiiaoontradeditionis</strong></span> <span class='ocrx_word' id='word_1_158' title='bbox 720 3764 898 3858; x_wconf 86' lang='lat' dir='ltr'><strong>stipulatae</strong></span> <span class='ocrx_word' id='word_1_159' title='bbox 908 3763 1357 3836; x_wconf 87' lang='lat' dir='ltr'><strong>fidemimmissisinorbem</strong></span> 
     </span>
     <span class='ocr_line' id='line_1_24' title="bbox 274 3902 1353 3999; baseline 0.003 -26"><span class='ocrx_word' id='word_1_160' title='bbox 274 3902 442 3974; x_wconf 91' lang='lat' dir='ltr'><strong>militibus</strong></span> <span class='ocrx_word' id='word_1_161' title='bbox 466 3903 605 3974; x_wconf 86' lang='lat' dir='ltr'><strong>occidit.</strong></span> <span class='ocrx_word' id='word_1_162' title='bbox 628 3903 842 3976; x_wconf 86' lang='lat' dir='ltr'><strong>Octavianus</strong></span> <span class='ocrx_word' id='word_1_163' title='bbox 862 3903 1045 3997; x_wconf 82' lang='lat' dir='ltr'><strong>Augustus</strong></span> <span class='ocrx_word' id='word_1_164' title='bbox 1064 3904 1214 3976; x_wconf 88' lang='lat' dir='ltr'><strong>Perusia</strong></span> <span class='ocrx_word' id='word_1_165' title='bbox 1236 3910 1353 3999; x_wconf 91' lang='lat' dir='ltr'><strong>capta,</strong></span> 
     </span>
     <span class='ocr_line' id='line_1_25' title="bbox 271 4047 1355 4135; baseline 0.003 -23"><span class='ocrx_word' id='word_1_166' title='bbox 271 4052 441 4113; x_wconf 84' lang='lat' dir='ltr'><strong>trecentos</strong></span> <span class='ocrx_word' id='word_1_167' title='bbox 458 4049 476 4111; x_wconf 78' lang='lat' dir='ltr'><strong>e</strong></span> <span class='ocrx_word' id='word_1_168' title='bbox 490 4047 676 4123; x_wconf 73' lang='lat' dir='ltr'><strong>dediticiis</strong></span> <span class='ocrx_word' id='word_1_169' title='bbox 691 4049 814 4113; x_wconf 85' lang='lat' dir='ltr'><strong>eiectos</strong></span> <span class='ocrx_word' id='word_1_170' title='bbox 832 4050 1014 4133; x_wconf 86' lang='lat' dir='ltr'><strong>utriusque</strong></span> <span class='ocrx_word' id='word_1_171' title='bbox 1031 4051 1169 4115; x_wconf 81' lang='lat' dir='ltr'><strong>ordinis</strong></span> <span class='ocrx_word' id='word_1_172' title='bbox 1186 4050 1234 4116; x_wconf 88' lang='lat' dir='ltr'><strong>ad</strong></span> <span class='ocrx_word' id='word_1_173' title='bbox 1249 4070 1355 4135; x_wconf 80' lang='lat' dir='ltr'><strong>arara</strong></span> 
     </span>
    </p>
   </div>
   <div class='ocr_carea' id='block_1_8' title="bbox 272 4182 1355 4258">
    <p class='ocr_par' dir='ltr' id='par_1_8' title="bbox 272 4182 1355 4258">
     <span class='ocr_line' id='line_1_26' title="bbox 272 4182 1355 4258; baseline 0.003 -7"><span class='ocrx_word' id='word_1_174' title='bbox 272 4188 316 4252; x_wconf 88' lang='lat' dir='ltr'><strong>D.</strong></span> <span class='ocrx_word' id='word_1_175' title='bbox 333 4187 426 4251; x_wconf 83' lang='lat' dir='ltr'><strong>Jutio</strong></span> <span class='ocrx_word' id='word_1_176' title='bbox 440 4191 656 4252; x_wconf 78' lang='lat' dir='ltr'><strong>eastructarn</strong></span> <span class='ocrx_word' id='word_1_177' title='bbox 675 4187 870 4253; x_wconf 82' lang='lat' dir='ltr'><strong>bestiarum</strong></span> <span class='ocrx_word' id='word_1_178' title='bbox 891 4207 989 4254; x_wconf 76' lang='lat' dir='ltr'><strong>neore</strong></span> <span class='ocrx_word' id='word_1_179' title='bbox 1006 4188 1184 4258; x_wconf 75' lang='lat' dir='ltr'><strong>cicactain&#39;t.</strong></span> <span class='ocrx_word' id='word_1_180' title='bbox 1206 4182 1355 4256; x_wconf 83' lang='lat' dir='ltr'><strong>Antoni·</strong></span> 
     </span>
    </p>
   </div>
   <div class='ocr_carea' id='block_1_9' title="bbox 0 0 1636 5190">
    <p class='ocr_par' dir='ltr' id='par_1_9' title="bbox 0 0 1636 5190">
     <span class='ocr_line' id='line_1_27' title="bbox 0 0 1636 5190; baseline 0 1"><span class='ocrx_word' id='word_1_181' title='bbox 0 0 1636 5190; x_wconf 95' lang='lat' dir='ltr'><strong> </strong></span> 
     </span>
    </p>
   </div>
  </div>
 </body>
</html>
