3262 5190
771 509 810 518 -
836 474 955 537 lat—

320 652 378 718 diu
408 652 501 740 lapso
529 651 669 719 aedilicio
700 650 758 718 illo
786 651 1010 744 Philosophia
1041 663 1287 744 comportamus
1320 679 1326 722 :
1360 680 1402 724 no

319 783 434 848 invide
451 781 611 850 lucellum
628 783 691 849 hoo
708 783 902 864 architecto,
921 794 954 852 et
969 787 1098 874 patiare
1119 788 1297 855 materiam
1313 788 1401 855 haue

255 908 258 912 '
321 916 489 982 substerni
506 915 622 983 saltem
639 916 675 982 in
693 899 935 984 fundamentis.
1098 899 1102 905 ’

365 1049 410 1114 At
425 1049 517 1116 euim
533 1071 627 1117 sacra
643 1049 702 1116 illa
725 1050 875 1128 meliora,
897 1072 957 1118 uec
975 1051 1087 1119 verbis
1104 1052 1147 1119 iis
1164 1053 1401 1120 abstinendum

319 1180 395 1248 fuit.
418 1180 556 1248 Meliora
578 1181 712 1247 fateor:
738 1181 796 1249 sed
816 1181 901 1249 adde
921 1184 1022 1249 etiam
1046 1183 1218 1271 graviora.
1249 1185 1401 1251 Lacertos

321 1333 412 1379 meos
441 1311 612 1415 expendo,¹
629 1320 662 1379 et
685 1321 777 1379 artus
805 1321 959 1403 artesque
987 1313 1075 1381 libro
1098 1335 1105 1380 :
1132 1336 1193 1381 our
1215 1332 1301 1382 onus
1315 1314 1400 1381 mihi

320 1444 447 1532 imponi
476 1446 597 1534 patiar,
623 1447 678 1511 cui
704 1467 771 1512 non
796 1447 861 1512 sim
882 1446 1040 1514 ferendo?
1065 1446 1256 1548 Tlreologis
1280 1447 1315 1513 id
1339 1454 1400 1526 est,

322 1579 457 1666 magnis
478 1577 620 1667 altisque
643 1579 727 1644 viris
747 1579 796 1666 (et
821 1579 962 1645 eximios
982 1578 1106 1645 multos
1126 1577 1196 1645 haec
1213 1587 1294 1646 aetas
1309 1577 1403 1662 tulit)

320 1732 447 1799 magna
463 1712 528 1777 ista
543 1721 576 1777 et
591 1707 659 1777 alta
675 1711 828 1801 relinquo
849 1737 856 1777 r
876 1734 950 1779 mea
965 1713 1087 1801 cymba
1106 1711 1196 1801 leget
1212 1713 1304 1779 litus.
1326 1712 1404 1779 Phi-

322 1842 464 1930 sophum
477 1864 542 1932 ego
558 1865 658 1931 agam
679 1868 685 1907 :
705 1845 763 1910 sed
779 1842 1022 1931 Christianum.

367 2265 453 2331 Nam
471 2264 510 2332 do
530 2264 654 2344 verbis,
673 2264 755 2353 quid
772 2263 931 2330 turbant?
951 2264 1028 2330 Non
1051 2285 1117 2351 quo
1133 2263 1210 2331 stilo
1225 2246 1403 2353 oa‘scripta

319 2397 400 2483 sint,
419 2397 476 2462 sed
492 2417 559 2485 quo
575 2417 675 2463 sensu
691 2393 829 2461 videant
848 2419 855 2459 :
875 2415 935 2461 nec
952 2416 995 2460 au
1015 2395 1145 2471 usitate,
1173 2396 1231 2463 sed
1252 2417 1295 2461 au
1312 2416 1399 2462 vere.

321 2529 357 2596 Si
375 2529 465 2596 enim
482 2528 562 2596 recti
577 2549 706 2605 seusus,
722 2524 804 2616 quid
821 2527 923 2594 refert
936 2527 972 2592 in
986 2548 1020 2593 re
1033 2534 1103 2593 tam
1115 2527 1232 2604 ardua,
1248 2549 1312 2616 qur·
1330 2526 1404 2594 velo

322 2670 382 2728 ant
394 2668 484 2729 veste
497 2658 611 2751 (modo
628 2681 695 2727 nou
712 2658 885 2736 indecora)
901 2680 957 2726 eos
969 2659 1128 2726 texerim?
1144 2658 1181 2726 Si
1202 2659 1280 2726 vani
1300 2683 1307 2724 :
1327 2679 1404 2725 con-

316 2793 466 2860 vincant.

366 3193 493 3282 Nempe
515 3193 578 3259 hoc
600 3195 713 3282 ipsum
741 3192 912 3273 volumus,
939 3193 1038 3282 ajunt
1063 3213 1070 3259 :
1097 3200 1131 3288 et
1152 3189 1304 3279 quadam
1328 3195 1347 3255 a
1371 3200 1402 3256 te

318 3325 442 3415 scripta
466 3346 535 3392 nou
557 3347 598 3393 ex
619 3326 695 3392 fide.
721 3326 768 3394 De
789 3336 878 3394 recta
902 3326 1173 3403 Bellonesum,
1199 3345 1302 3413 quam
1325 3346 1402 3391 cum

319 3457 520 3559 priscisillis
536 3480 723 3548 exaggeras
738 3460 839 3526 nimis
855 3468 888 3527 et
902 3459 1038 3527 attollis.
1054 3459 1194 3546 Egone?
1207 3458 1317 3525 verbis
1334 3458 1402 3524 for-

320 3601 408 3660 tasse
427 3592 561 3660 illorum
581 3618 589 3659 :
609 3614 710 3661 sensu
728 3614 914 3682 numquam
931 3614 1016 3661 meo.
1040 3593 1129 3658 Nam
1145 3614 1188 3660 ue
1204 3593 1275 3681 ipse
1295 3613 1399 3670 erres,

320 3748 387 3793 uno
400 3727 501 3793 verbo
512 3725 577 3794 hoe
592 3733 695 3794 testor
710 3750 717 3790 :
738 3724 868 3793 nullam
881 3747 934 3793 me
946 3734 1070 3792 rectam
1083 3745 1269 3813 puramque
1286 3725 1400 3791 Ratio·

318 3878 394 3924 nem
417 3857 618 3946 intelligere,
647 3858 712 3925 uisi
735 3861 755 3923 a
778 3858 847 3925 Deo
872 3858 1046 3937 directam,
1075 3856 1141 3924 nisi
1167 3859 1188 3921 a
1211 3856 1277 3924 fide
1303 3856 1399 3923 illus-

317 3997 450 4057 tratam.

364 4232 428 4300 Sed
444 4254 530 4322 quae,
552 4233 690 4314 malum,
708 4233 887 4323 illegitima
905 4237 968 4303 ista
981 4238 1090 4326 capt-io
1107 4245 1169 4318 est,
1185 4259 1261 4306 cum
1276 4259 1398 4326 genere
