3262 5190
684 815 788 887 CAP.
820 816 941 886 XXII.

272 1050 319 1110 De
336 1050 511 1114 Gruterum
529 1051 601 1112 item
617 1051 882 1132 Romanorumque
901 1052 1047 1115 Cladibus
1066 1069 1102 1112 ea
1119 1051 1201 1112 belm.
1219 1051 1365 1130 alannus

313 1172 545 1250 interjectorum
556 1175 748 1237 numerosae
762 1176 879 1255 aliquot
894 1175 1028 1238 ducibus.
1045 1175 1126 1236 Item
1140 1174 1271 1235 eustatio
1287 1174 1364 1234 noui

313 1295 402 1365 ordia,
419 1303 448 1359 et
462 1298 592 1360 numeria
606 1299 807 1381 captiuitatis.

322 1516 398 1587 Nec
424 1515 480 1588 hio
504 1517 630 1590 insisto
657 1545 663 1589 :
695 1519 741 1589 ad
763 1520 939 1591 Graeciam
963 1543 1018 1590 me
1041 1519 1196 1590 confero.
1227 1520 1267 1589 ln
1286 1541 1360 1612 qua

274 1654 435 1747 digerere
457 1657 580 1728 ordine
600 1658 718 1728 omnia
735 1659 840 1742 bella,
862 1660 935 1730 sive
952 1659 1045 1730 inter
1062 1659 1160 1752 ipsos
1179 1658 1253 1730 sive
1275 1681 1357 1729 cum

274 1796 428 1865 externis
448 1805 563 1888 gesta,
584 1797 742 1891 longum,
765 1822 925 1870 naccum
948 1800 1079 1870 fructu.
1101 1799 1168 1869 hoc
1191 1799 1281 1869 dion.
1304 1797 1357 1868 ita

275 1933 482 2006 exhaustam
514 1945 548 2008 et
579 1947 756 2010 attonsum
786 1963 863 2044 eam
900 1940 1064 2011 continuo
1099 1939 1252 2010 cladium
1286 1939 1356 2010 isto

274 2074 382 2157 serra,
404 2083 442 2146 ut
462 2076 674 2148 Plutarchus
692 2078 810 2148 tradat
828 2078 1030 2172 (numquam
1048 2079 1133 2149 mihi
1152 2079 1227 2150 sine
1245 2079 1300 2149 ira
1322 2086 1357 2149 et

276 2218 509 2288 admiratione
538 2217 679 2313 lectum)
710 2242 788 2288 eam
813 2219 1013 2290 universam
1044 2243 1113 2290 nou
1141 2220 1262 2301 fuisse,
1291 2242 1357 2290 suo

275 2381 365 2440 aevo,
391 2357 615 2428 conficiendis
634 2361 747 2428 trz'bus
759 2361 913 2428 eetille'bus
926 2363 1078 2428 utilitum
1094 2391 1103 2427 .·
1120 2364 1205 2451 quot
1222 2365 1354 2437 tamen,

275 2494 401 2586 inquit,
413 2493 496 2563 olim
513 2493 604 2564 bello
619 2493 777 2575 Persico,
799 2517 907 2565 unum
925 2494 1190 2587 Megarensium
1208 2493 1357 2587 oppidu-

275 2632 348 2703 lum
363 2634 572 2704 coulecerat.
588 2633 680 2715 Heu,
694 2656 761 2726 quo
777 2634 933 2705 cecidisti
946 2634 1012 2704 flos
1027 2633 1085 2704 ille
1100 2640 1290 2714 terrarum,
1302 2631 1357 2703 sol

207 2797 212 2806 ’
276 2770 312 2854 et
336 2781 390 2852 sal
411 2781 586 2874 gentium!
617 2780 686 2850 Vix
717 2781 882 2874 oppidum
913 2780 1017 2850 hodie
1041 2779 1189 2872 alicujus
1218 2778 1357 2873 quidem

277 2921 429 2993 nominis
447 2921 483 2991 in
497 2920 563 2990 hac
576 2921 655 3014 ipsa
669 2921 792 2991 attrita
808 2919 956 3011 Belgica
973 2926 1040 3001 est,
1062 2919 1155 3012 quod
1173 2941 1358 2989 numerum

278 3085 357 3133 eum
376 3084 445 3131 nou
462 3061 624 3152 adaequct
642 3060 758 3131 idonei
776 3060 821 3130 ad
837 3059 966 3130 bellum
981 3082 1099 3130 sexus,

329 3765 350 3834 J
354 3786 411 3834 am
431 3764 613 3834 Romanos
627 3769 662 3834 et
682 3762 821 3833 ltaliam
835 3761 1110 3859 perlustramus?
1128 3763 1291 3834 levarunt
1304 3785 1361 3832 mo

281 3903 417 3997 pridem
434 3902 500 3973 hoc
522 3903 617 3973 susce
637 3903 879 3973 recensionum
902 3901 1123 3994 Augustinus
1141 3909 1176 3973 et
1195 3901 1357 3972 Orosius.

282 4061 342 4110 cos
360 4037 451 4120 vide,
470 4046 504 4109 et
521 4039 615 4109 iniis
634 4038 747 4109 maria
761 4040 945 4110 malorum.
965 4040 1082 4109 Unum
1101 4038 1232 4109 bellum
1252 4037 1361 4108 Puni·

283 4201 361 4248 cnm
375 4178 577 4260 secundum,
600 4178 634 4248 iu
649 4177 733 4250 solis
753 4179 867 4261 ltalia,
886 4178 1073 4272 Hispania,
1096 4177 1229 4260 Sicilia,
1252 4201 1361 4270 supra
