3262 5190
779 464 963 528 -186-

329 650 396 726 est,
413 644 500 714 nihil
518 644 676 738 ambigat
688 646 778 716 mori
795 668 860 739 pro
878 667 933 728 ea,
951 644 1035 715 etin
1050 666 1104 715 ea.
1123 644 1260 736 Itaque,
1279 641 1408 734 Langi,

328 805 456 854 novam
481 782 573 854 hanc
596 790 631 854 et
656 784 810 878 rigidam
835 791 933 856 tuam
960 783 1171 877 sapientiam
1194 804 1259 852 nec
1285 803 1412 875 sequor

329 917 456 1002 adhuc,
472 943 537 992 nec
550 920 725 1015 adsequor
741 946 748 992 :
767 921 971 1016 Euripidem
987 921 1206 1014 magis,vere
1220 906 1412 990 adfirman-

329 1064 399 1129 tem
423 1084 429 1127 :

767 1227 917 1304 ἀναγκαίως
933 1226 983 1306 ἔχῤ

649 1353 775 1432 ΙΙατρίδω
792 1355 852 1433 ἐρᾷν
864 1357 995 1418 ἅπαντας.

776 2775 881 2847 CAP.
904 2776 970 2847 XI.

334 3019 505 3098 Restitutio
525 3017 672 3080 secundos
690 3017 830 3096 adfectus
851 3018 944 3079 nimii
964 3019 1080 3080 umoris
1101 3020 1135 3079 in
1154 3018 1304 3098 patrium.
1328 3035 1416 3097 quem

375 3137 528 3199 Pietatem
541 3136 627 3214 solco
652 3142 767 3213 vocant,
783 3135 874 3216 idque
892 3140 1053 3200 ostensum.
1077 3138 1155 3199 Item
1176 3138 1256 3201 uode
1269 3138 1353 3218 om'po
1367 3139 1418 3199 illi

375 3257 535 3336 Adfectui.
551 3257 665 3337 etquid
678 3258 926 3338 Potriaproprie
936 3276 972 3320 oc
984 3276 1060 3320 vere.

385 3484 442 3556 Ad
462 3482 554 3556 hunc
579 3508 776 3557 sermonem
801 3486 965 3557 renidens
988 3487 1159 3580 Longius,
1184 3487 1412 3568 Adolescens,

338 3624 462 3718 inquit,
479 3625 569 3695 mira
585 3632 647 3696 tua
664 3624 777 3718 pietas
798 3650 805 3696 ε
827 3633 862 3696 et
876 3624 950 3718 jam
968 3626 1200 3719 periclitatur,
1217 3623 1355 3720 opinor,
1374 3625 1417 3696 de

338 3762 546 3855 cognomine
560 3784 623 3833 suo
637 3763 689 3833 M.
706 3763 876 3834 Antonini
894 3763 1016 3836 srater.
1028 3763 1099 3835 Sed
1116 3770 1232 3834 tamon
1246 3762 1312 3834 hoc
1326 3787 1418 3834 com-

340 3900 454 3981 mode,
465 3899 557 3993 quod
571 3899 663 3970 ultro
677 3900 780 3971 offert
794 3922 832 3971 se
845 3900 902 3971 hic
915 3899 1082 3972 Adfectus
1097 3908 1131 3972 et
1144 3901 1320 3994 procurrit
1334 3908 1417 3970 ante

341 4038 471 4131 signa:
495 4061 598 4131 quem
615 4037 692 4131 jam
709 4038 860 4132 aggredi
878 4038 963 4109 mihi
984 4039 1176 4123 decretum,
1198 4046 1233 4110 et
1258 4045 1416 4110 sternere

343 4176 412 4248 levi
430 4176 548 4248 hasta.
