3262 5190
719 483 904 546 -388-

272 664 433 734 effectum
444 662 561 734 videre
576 671 680 757 poeta
694 663 818 757 potuit,
832 688 901 734 non
917 664 1118 735 adsurrexit
1131 665 1176 736 ad
1191 688 1347 736 causam.

168 891 171 897 ι
274 802 322 872 Ut
352 809 469 872 autem
495 801 532 871 in
558 825 626 872 uno
652 802 844 896 eodemque
870 804 1024 885 homine,
1047 804 1127 898 jure
1149 806 1184 874 in
1211 817 1352 876 senecta

273 947 380 1010 aetate
396 939 560 1011 delictum
576 940 717 1035 aliquod
733 941 896 1035 punimus
915 943 1109 1014 admissum
1127 945 1163 1014 in
1179 944 1322 1037 juventa
1340 969 1347 1014 :

273 1079 323 1149 sic
348 1078 434 1149 deus
460 1079 496 1149 in
525 1079 683 1171 imperiis
709 1089 770 1151 aut
796 1081 915 1173 regnis
941 1089 1085 1174 peccata
1110 1091 1243 1154 vetera.
1269 1082 1352 1177 quia

272 1226 428 1289 externae
443 1218 697 1289 communionis
711 1219 848 1289 ratione
867 1243 973 1290 unum
989 1219 1155 1313 quiddam
1167 1221 1241 1291 Deo
1252 1227 1348 1300 sunt,

273 1366 308 1426 et
338 1356 573 1448 conjunctum.
597 1357 789 1427 Intervalla
812 1356 890 1427 haec
912 1363 1109 1448 temporum
1136 1358 1229 1451 apud
1251 1358 1351 1428 illum

274 1519 338 1566 nos
369 1520 438 1567 non
470 1495 643 1577 dividunt,
665 1496 723 1588 qui
752 1519 891 1566 omnem
922 1496 1158 1567 aeternitatem
1194 1498 1349 1568 clausam

272 1633 379 1705 habet
392 1635 428 1704 in
447 1634 566 1727 capaci
581 1657 646 1705 sua
664 1643 792 1705 mente.

320 1773 375 1843 An
393 1795 476 1843 vero
497 1772 681 1842 Martiales
695 1771 745 1843 ilii
764 1771 837 1865 lupi
855 1772 938 1843 olim
953 1782 1005 1844 tot
1023 1773 1129 1872 urbes
1143 1771 1348 1852 everterint,

272 1919 325 1982 tet
337 1909 822 2005 sceptrairegerintimpunei
839 1917 974 1981 tantum
990 1910 1138 1981 caedium
1154 1908 1353 2002 sanguinis·

273 2076 340 2146 que
367 2052 562 2133 hauserint,
590 2051 656 2144 ipsi
690 2075 827 2144 semper
853 2051 1050 2122 incruenti?
1082 2053 1173 2122 Tum
1203 2050 1352 2143 denique

272 2191 388 2262 fatear
411 2190 580 2261 vindicem
602 2189 734 2259 nullum
756 2190 860 2260 deum
879 2213 970 2272 esse,
992 2196 1054 2278 qui
1073 2185 1150 2277 quoe
1172 2212 1235 2258 nos
1256 2191 1351 2276 peri·

272 2353 351 2398 inus
368 2333 467 2398 audit
485 2338 517 2397 et
531 2328 675 2420 adad).
689 2328 757 2399 Sed
778 2350 846 2398 non
865 2335 919 2398 est
937 2327 1133 2420 itapoenas
1151 2325 1205 2397 vel
1224 2326 1352 2418 inpos-

274 2468 360 2539 teris
378 2466 452 2537 suis
471 2466 626 2560 pendant
649 2466 839 2559 aliquando
857 2489 1040 2537 necessum
1058 2474 1123 2548 est,
1145 2465 1267 2537 tardas
1285 2465 1352 2535 etsi

275 2627 345 2675 non
363 2627 474 2676 seras.

323 2859 399 2929 Nec
418 2858 630 2950 Tenrporum
658 2857 770 2927 selum
796 2858 873 2929 haec
903 2858 1100 2951 conjunctio
1124 2858 1217 2952 apud
1248 2858 1352 2929 deum

202 2983 205 2989 ¹
273 3007 348 3080 ast;
370 2997 431 3067 sed
455 3005 489 3067 et
509 2995 681 3066 Partiurn.
706 2996 782 3066 Hoc
796 2996 876 3066 volo
895 2997 1023 3067 dicere.
1047 2996 1136 3067 sieut
1157 2996 1193 3066 in
1212 2997 1352 3067 homine

275 3158 353 3205 cum
378 3157 516 3213 manus,
547 3134 658 3225 penis,
683 3142 806 3204 venter
832 3136 1001 3226 peccavit,
1030 3142 1142 3206 totum
1163 3158 1289 3228 corpus
1315 3134 1352 3204 id

274 3268 341 3342 luit
362 3295 368 3340 :
392 3271 441 3341 sic
459 3270 494 3339 in
513 3271 687 3340 communi
706 3272 823 3365 aliquo
843 3280 947 3353 coetu,
975 3296 1165 3366 paucerum
1187 3273 1352 3344 delictum

276 3417 439 3501 expetere
457 3431 552 3501 saepe
571 3407 607 3477 in
625 3431 759 3480 omnes.
787 3411 985 3503 praesertim
1009 3412 1038 3481 si
1062 3412 1086 3481 ii
1109 3411 1167 3504 qui
1190 3419 1348 3504 peccant,

274 3548 371 3618 velut
389 3547 553 3639 dignoria
571 3548 735 3640 quadam
753 3549 912 3620 membra
930 3550 1012 3630 sint,
1030 3557 1069 3619 ut
1087 3572 1202 3642 reges,
1223 3548 1351 3641 princi-

275 3710 350 3780 pes‚
372 3686 616 3779 magistratus,
637 3688 730 3757 Vere
754 3688 930 3759 Hesiodus
948 3698 983 3758 et
1003 3712 1045 3759 ex
1064 3688 1140 3781 ipso
1160 3689 1351 3781 Sapientiae

276 3824 476 3918 penetrali:

311 4226 340 4288 (Ι)
360 4224 469 4285 Plauto,
483 4224 552 4272 dans
566 4223 590 4272 le
604 4223 704 4287 Captis.
