3262 5190
393 903 463 974 Sed
481 902 572 973 salsa
589 902 692 972 Bona
713 907 748 971 et
766 899 955 971 elationem
975 922 1067 970 nunc
1085 899 1207 970 omitto
1226 900 1418 994 (nonenim

342 1042 373 1113 is
390 1049 470 1114 tuus
494 1039 647 1134 morbus)
672 1040 718 1111 ad
742 1039 833 1110 falsa
859 1039 954 1110 mala
979 1039 1094 1120 venio,
1121 1062 1268 1133 quorum
1291 1062 1417 1133 agmen

341 1180 467 1251 iterum
483 1178 622 1272 duplex.
641 1177 730 1248 Sunt
741 1177 840 1267 enim
854 1176 1014 1256 Publica,
1036 1184 1118 1248 sunt
1133 1177 1292 1250 Privata.

391 1392 540 1463 Publica
571 1390 717 1483 designo
752 1397 787 1461 et
821 1388 963 1471 definio,
1001 1412 1149 1467 ouonun
1184 1413 1313 1463 snusus
1348 1415 1417 1462 uuo

343 1553 533 1608 nonenonn
546 1551 715 1601 rsnroun
729 1551 775 1599 nn
790 1550 928 1600 rnunns
943 1551 1133 1601 pennum.
1151 1531 1311 1610 Privata.
1324 1531 1417 1608 Quo-

341 1691 418 1741 uun
443 1692 488 1739 nn
511 1690 694 1739 sinounos.
717 1668 814 1736 Inter
839 1665 900 1735 illa
921 1688 1047 1737 censeo
1082 1668 1233 1750 Bellum,
1260 1670 1413 1748 Pestem,

343 1800 924 1898 Famem,Tyrannidem,'Caedem
945 1827 952 1873 :
971 1811 1005 1874 et
1024 1826 1103 1896 qnae
1122 1805 1193 1875 alia
1211 1805 1307 1876 foras
1326 1817 1361 1879 et
1381 1807 1417 1876 iu

339 1967 522 2014 commune
540 1949 712 2036 spectant.
727 1942 823 2011 Inter
836 1940 918 2023 ista,
936 1941 1115 2023 Dolorem,
1135 1944 1305 2036 Inopiam,
1324 1946 1416 2016 lusa-

340 2084 459 2165 miam,
473 2084 626 2154 Mortem
643 2109 650 2153 :
666 2088 702 2153 et
715 2081 744 2152 si
759 2081 855 2174 quid,
872 2080 968 2151 velut
982 2082 1085 2152 domo
1104 2082 1275 2164 clausum,
1298 2084 1331 2154 in
1348 2109 1416 2155 uuo
1450 2124 1456 2139 .

340 2223 548 2317 singuloque
566 2222 708 2293 homine
726 2220 1003 2292 consideramus.

389 2651 525 2721 Caussa
542 2646 626 2718 mihi
644 2647 695 2718 ita
712 2647 951 2739 distinguendi
969 2670 1036 2718 non
1056 2670 1160 2729 vana,
1183 2648 1265 2741 quia
1293 2671 1415 2720 revera

339 2788 444 2859 aliter
457 2787 608 2878 isluget,
621 2792 656 2856 et
670 2785 739 2856 alio
753 2757 906 2879 ouodam
921 2809 1039 2867 sensu,
1054 2786 1112 2879 qui
1122 2787 1258 2858 cladem
1269 2788 1409 2881 patriar,

340 2926 398 3020 qui
424 2925 586 2996 exsilium
612 2924 824 3017 exitiumque
856 2924 1059 3007 multorum,
1089 2948 1193 3018 quam
1225 2926 1283 3019 qui
1312 2927 1414 2997 unius

338 3086 453 3134 suum.
474 3062 575 3131 Adde
594 3060 687 3153 quod
704 3083 748 3130 ex
760 3061 918 3153 utrisque
932 3061 993 3131 alii
1012 3069 1116 3154 atque
1130 3062 1191 3132 alii
1205 3064 1331 3148 morbi,
1352 3066 1414 3135 sed

337 3201 405 3272 nisi
423 3200 540 3282 fallor,
561 3199 744 3292 graviores
767 3223 810 3270 ex
835 3200 959 3292 primis
989 3226 995 3271 :
1026 3208 1121 3272 certe
1145 3170 1410 3294 pertinaciores.

339 3339 493 3411 Publicis
519 3338 611 3408 enim
636 3337 738 3408 malis
763 3337 905 3408 obnoxii
927 3338 1087 3432 plerique
1112 3347 1273 3410 nostrum
1303 3367 1309 3412 :
1341 3342 1414 3413 sive

336 3477 419 3571 qnia
442 3477 573 3570 impetu
599 3483 634 3546 et
651 3476 757 3546 turba
780 3476 961 3568 ingruunt,
983 3500 1026 3581 ao
1047 3478 1205 3549 conferta
1226 3478 1321 3552 velut
1339 3482 1414 3552 acie

336 3617 490 3688 obrdnnt
509 3616 730 3687 resistentem
749 3641 755 3685 :
774 3616 848 3686 sive
866 3617 993 3708 magis,
1011 3619 1103 3710 quod
1121 3619 1312 3690 ambitione
1331 3644 1414 3712 qua·

337 3756 417 3826 dam
442 3755 681 3833 blandiuntur,
703 3762 738 3823 et
752 3755 1000 3845 aegritudinem
1015 3780 1057 3826 ex
1075 3757 1118 3827 iis
1136 3758 1271 3829 innasci
1286 3759 1413 3829 animis

337 3915 406 3962 non
438 3891 662 3982 agnoscimus
693 3912 805 3981 saepe,
835 3913 905 3960 non
930 3893 1114 3966 sentimus,
1150 3897 1240 3967 Ecce
1275 3898 1412 3990 privato

336 4030 446 4101 dolori
466 4029 622 4122 quisquis
645 4028 840 4107 succubuit,
861 4029 1015 4101 fateatur
1034 4032 1156 4102 vitium
1177 4042 1211 4105 et
1231 4035 1412 4105 imbecilli-

337 4178 446 4240 tatem
464 4191 645 4239 necessum
665 4174 731 4247 cst,
749 4167 855 4237 etiam
874 4169 902 4237 si
922 4192 991 4240 non
1012 4174 1184 4253 emendet,
1207 4174 1300 4266 (quae
1319 4175 1409 4244 onim
