3262 5190
719 458 904 521 -etss-

709 759 814 832 CAP.
844 761 926 834 XV.

273 1028 504 1092 Ad'sececadum
523 1046 579 1110 pcc
601 1027 783 1091 Constantia
797 1034 1012 1109 deprimentem
1032 1029 1215 1104 transitum,
1237 1029 1351 1105 quodi

315 1135 512 1216 Necessitate¹
533 1154 586 1218 Vis
594 1155 659 1234 ejas
670 1159 699 1214 et
712 1154 851 1230 impetes.
863 1153 1041 1233 Dupliciter
1052 1171 1086 1215 ec
1099 1153 1272 1216 Necessitas
1282 1170 1350 1215 cces-

314 1284 452 1347 sideratc
466 1305 475 1342 :
487 1289 515 1348 et
526 1286 628 1362 primo
642 1285 676 1346 iee
690 1284 778 1347 relus
791 1285 877 1365 ipsis.

324 1557 401 1627 Hoc
410 1555 562 1637 firmum,
576 1555 687 1650 Lipsi,
701 1563 736 1627 et
748 1556 959 1628 Vulcanium
968 1556 1071 1650 plane
1080 1563 1217 1627 scutum
1227 1562 1350 1627 contra

274 1695 392 1765 omnia
418 1703 565 1766 externa
590 1720 597 1765 :
626 1695 704 1766 haec
721 1719 834 1766 aurea
859 1701 1057 1775 illucente,
1078 1694 1204 1787 quibus
1223 1700 1347 1773 tectos,

276 1833 379 1904 Plato
394 1856 553 1928 pugnare
571 1858 637 1905 nos
649 1834 757 1927 jussit
782 1835 817 1905 in
836 1859 957 1906 casum
975 1843 1011 1906 et
1028 1835 1224 1906 Fortunam
1246 1859 1253 1904 :
1275 1834 1350 1904 Deo

275 1972 410 2066 subjici,
439 1973 552 2044 Deum
582 1973 740 2064 cogitare
762 1999 770 2044 :
794 1980 830 2044 et
853 1973 889 2043 in
912 1973 1005 2043 omni
1029 1980 1169 2054 eventu,
1198 1979 1350 2043 mentem

273 2110 365 2181 hanc
382 2110 523 2181 flectere
541 2109 586 2180 ad
605 2132 770 2203 magnam
783 2109 881 2180 illam
899 2110 1020 2180 mundi
1038 2112 1208 2182 Mentem.
1227 2111 1350 2181 Provi-

274 2248 430 2319 dentiam
450 2249 540 2319 dico.
557 2248 664 2340 Cujus
677 2249 755 2341 pias
770 2255 805 2319 et
818 2248 938 2319 felices
952 2249 1072 2342 copias
1086 2249 1251 2342 quoniam
1261 2249 1349 2321 satis

274 2386 425 2480 explicui
447 2410 454 2455 :
478 2386 670 2479 producam
688 2395 723 2457 et
741 2386 904 2457 inducam
923 2408 1051 2479 agmen
1070 2386 1232 2468 alterum,
1257 2387 1350 2480 quod

275 2525 339 2597 sub
370 2524 603 2596 Necessitatis
632 2524 775 2596 vexillo.
808 2524 944 2617 Agmen
976 2525 1079 2607 forte,
1109 2524 1248 2607 durum,
1281 2526 1351 2596 ser-

275 2690 373 2737 reum
398 2692 404 2737 :
423 2673 458 2737 et
476 2689 581 2759 quam
599 2689 669 2738 non
686 2689 776 2737 vane
793 2666 969 2760 legionem
991 2666 1140 2737 dixerim
1169 2666 1351 2736 Fulmina-

272 2807 408 2877 tricem.
434 2806 568 2898 Rigida
591 2806 684 2877 enim
709 2814 744 2877 et
769 2807 921 2878 infracta
944 2807 1013 2878 ista
1043 2807 1110 2888 vis,
1133 2829 1212 2899 quae
1231 2806 1350 2876 omnia

273 2946 406 3027 domat,
441 2952 586 3038 superat
616 2968 624 3013 :
650 2950 685 3015 et
711 2943 766 3014 cui
793 2944 962 3025 mirabor,
993 2944 1104 3037 Lipsi,
1132 2943 1162 3014 si
1189 2944 1347 3015 resistes,

273 3083 405 3154 Thales
418 3083 659 3173 interrogatus
674 3082 770 3164 olim,
786 3085 817 3148 τί
836 3085 1027 3175 ίχυρότατον,
1045 3090 1139 3153 recte
1154 3082 1347 3176 respondit,

269 3223 414 3314 Α’νάγκη,
431 3223 554 3286 πάντων
571 3223 630 3313 γὰρ
644 3221 759 3311 iperet.
781 3227 816 3290 et
832 3242 947 3289 sermo
964 3220 1006 3290 de
1024 3220 1146 3291 eadem
1165 3228 1266 3292 vetus
1284 3221 1351 3292 etsi

273 3380 398 3452 parum
416 3364 554 3437 cautus,
575 3357 632 3437 τήν
650 3360 785 3451 ἀνάγκην
811 3357 879 3425 otte
891 3359 962 3435 τοὺς
976 3357 1059 3435 θεοὺς
1078 3358 1227 3446 βιάζεθαι.
1249 3359 1352 3430 Hanc

274 3497 505 3592 providentiae
532 3495 793 3580 nunc‘adtexo3
828 3495 911 3588 quia
940 3505 1093 3588 cognata
1116 3495 1180 3577 illi,
1210 3496 1279 3578 vel,
1314 3507 1351 3567 ut

273 3636 390 3707 verius
404 3635 531 3716 dicam,
553 3658 596 3704 ex
614 3657 657 3705 ea
674 3641 771 3705 nata.
792 3633 825 3703 Α
842 3633 907 3704 deo
928 3633 1022 3703 enim
1040 3632 1182 3726 ejusque
1201 3634 1351 3705 decretis

273 3774 490 3853 Necessitas,
517 3797 581 3844 nec
598 3772 694 3842 aliud
712 3772 789 3842 haec
803 3772 949 3865 Α’νάγκη,
969 3778 1007 3842 ut
1025 3771 1173 3843 Graecus
1188 3773 1350 3845 Philoso-

273 3914 364 4007 phus
379 3913 549 3993 definivit,
568 3935 672 4004 quam
686 3913 790 4002 lipia<
807 3910 917 3998 βεβαία
929 3911 980 3976 καὶ
994 3914 1209 4003 ἀμετάτρεπτω
1224 3911 1350 4002 δύναμις

215 4100 216 4104 η
274 4059 329 4135 τῆς
347 4056 489 4144 προνοίας
507 4080 513 4120 ;
531 4074 645 4122 amun
658 4056 802 4132 sanctio,
821 4060 852 4119 et
867 4054 1096 4120 irretractabilis
1113 4055 1352 4120 Providentia

273 4202 438 4280 potestas.
475 4192 562 4261 Eam
594 4190 703 4262 Malis
729 4188 879 4283 publicis
910 4162 1135 4273 intervenire,
1166 4190 1351 4284 dupliciter
