3262 5190
723 474 904 536 „338-

278 667 316 729 ut
341 658 397 751 pie
419 664 523 750 poeta
544 656 671 749 impius
690 655 761 737 ait;
783 656 845 726 sed
864 678 934 725 non
953 655 1049 725 alind
1064 677 1170 748 quarn
1189 655 1356 727 cohibitio

277 798 439 892 quaedam
449 794 652 866 ascelereet
663 795 838 887 repressio
849 820 855 864 :
867 801 901 865 et
915 801 953 865 ut
966 817 1044 864 cum
1059 794 1197 865 Graecis
1212 795 1356 887 signan-

275 947 330 1008 ter
347 936 438 1016 dica,
451 932 588 1011 κόλασις,
607 932 673 1000 ἀλλ’
691 937 725 1000 οὗ
738 937 882 1025 τιμωρία.
905 933 954 1004 Ut
975 957 1071 1004 mors
1085 933 1188 1004 bonis
1202 934 1355 1004 clemen·

276 1086 331 1147 ter
344 1098 438 1168 saepe
456 1075 625 1154 immissa,
644 1081 726 1143 ante
744 1072 857 1143 scelus
879 1099 886 1143 :
909 1073 959 1142 sic
977 1072 1163 1165 desperate
1182 1073 1297 1153 malis,
1319 1075 1355 1143 in

229 1281 231 1284 ,
277 1216 422 1287 scelere.
436 1217 528 1309 quod
540 1216 591 1286 ita
605 1223 737 1295 amant,
756 1224 794 1285 ut
809 1215 877 1285 nisi
892 1214 1048 1285 sectione
1061 1215 1106 1285 ab
1121 1238 1163 1286 co
1179 1238 1248 1285 non
1264 1214 1357 1286 avel=

276 1357 408 1427 lantur.
436 1355 537 1426 Sistit
560 1355 669 1446 igitur
696 1355 783 1424 deus
809 1353 989 1423 effraenem
1015 1353 1116 1423 illurn
1138 1376 1293 1435 cursum,
1320 1362 1357 1424 et

195 1502 200 1514 '
275 1503 460 1589 peccantes
478 1502 690 1586 paratosque
708 1514 853 1585 peccare
868 1492 1018 1583 benigne
1033 1491 1136 1564 tollit.

325 2025 482 2118 Denique
499 2048 605 2118 poena
619 2025 731 2095 omnis
750 2024 854 2104 bona,
871 2026 892 2094 J
898 2024 1027 2094 ustitiae
1041 2024 1209 2117 adspectu
1233 2048 1240 2093 ε
1263 2023 1356 2094 sicut

275 2163 465 2256 impunitas
484 2162 593 2243 mala;
614 2185 694 2255 quoe
711 2163 815 2233 efficit
834 2170 871 2233 ut
888 2163 1020 2233 diutins
1044 2163 1197 2242 scelesti,
1220 2162 1256 2231 id
1282 2171 1351 2240 est,

275 2304 394 2374 miseri
409 2305 540 2373 vivant.
560 2304 669 2373 Acuta
684 2302 829 2373 Boetius
847 2329 853 2372 :
876 2309 1067 2373 Feliciores
1084 2327 1158 2373 esse
1176 2306 1355 2392 improbos

274 2446 448 2528 supplicia
465 2446 606 2519 luentes,
625 2464 731 2526 quom
748 2446 781 2509 si
798 2447 894 2509 rruttc
911 2446 1126 2530 eosjtistitioe
1137 2465 1242 2530 poeno
1259 2448 1355 2511 coer-

275 2590 362 2649 ceot.
384 2588 419 2649 et
437 2601 598 2649 caussam
617 2579 690 2660 dat,
712 2579 794 2672 quia
812 2581 941 2649 bonnnr
969 2580 1110 2674 aliquod
1136 2581 1180 2650 iis
1203 2580 1355 2652 accessit

277 2717 394 2810 (poena
412 2717 585 2812 videlicet)
604 2718 696 2812 quod
714 2717 749 2788 in
769 2718 904 2811 reliquo
923 2720 1061 2789 cumulo
1080 2720 1263 2790 criminum
1282 2743 1354 2790 non

274 2859 464 2930 habebant.

711 3277 815 3347 cnr
846 3231 912 3347 nt.

184 3559 186 3564 .
273 3501 395 3577 Definc
410 3503 529 3577 quarto,
544 3499 598 3577 qui
618 3498 734 3557 homini
748 3497 908 3575 ontbipuus
921 3502 973 3556 ert.
992 3516 1059 3557 enm
1072 3500 1227 3577 pertinere
1247 3499 1294 3560 vel
1309 3498 1353 3560 ad

317 3620 575 3683 conservationem
588 3622 773 3698 tutelamque
790 3621 805 3680 I
810 3620 944 3691 'ciceret
958 3620 1004 3681 cel
1013 3621 1054 3681 ad
1069 3621 1205 3683 Cultum.
1215 3620 1352 3701 Sioptclo

215 3735 222 3744 ’
312 3744 434 3804 teberius
447 3745 609 3822 explicate.

323 3939 368 4008 Hi
396 3948 468 4009 tres
488 3940 539 4008 itti
563 3940 664 4020 finos
687 3940 797 4033 Lipsi,
824 3940 923 4020 certi,
947 3941 1033 4010 clari
1058 3965 1065 4009 ε
1090 3951 1125 4010 et
1152 3963 1241 4034 quos
1260 3942 1350 4033 pede

273 4079 459 4170 peragravi
484 4080 571 4149 satis
597 4079 711 4150 firrno.
742 4089 888 4172 qttartns
915 4092 1087 4172 superest,
1113 4103 1216 4172 quem
1243 4081 1349 4150 vacil-

271 4219 379 4288 lante.
405 4218 562 4308 Ignotior
577 4219 669 4288 enim
684 4219 742 4288 ille
758 4229 792 4288 et
810 4220 989 4300 remotior,
1008 4243 1112 4312 qnatn
1129 4229 1165 4290 nt
1184 4220 1350 4290 humanae
