3262 5190
854 511 1039 574 -214-

410 695 480 766 ista
498 720 504 766 :
522 693 615 789 quud
629 693 745 765 caedes
758 701 794 766 et
807 692 937 765 bellum
952 692 1045 786 apud
1059 692 1192 784 Belgas
1206 693 1250 764 ab
1265 693 1386 763 eadem
1401 694 1482 765 ista.

410 833 599 915 Divinitas,
616 832 729 927 Lipsi,
745 831 913 903 divinitus
927 830 1096 903 immissae
1111 854 1232 903 omnes
1245 831 1325 903 istae
1339 832 1457 904 clades
1475 859 1482 904 :

408 971 555 1064 ideoque
569 970 657 1042 bene
672 977 707 1042 et
721 969 900 1064 sapienter
914 969 1075 1064 Euripidi
1093 966 1243 1065 ξυμφοραὶ
1257 969 1398 1051 θεήλατοι
1417 972 1487 1071 dic-

408 1111 482 1182 tiae.
496 1110 643 1192 Fluxus,
654 1110 810 1203 inquam,
820 1109 934 1180 omnis
948 1115 984 1180 et
998 1109 1152 1182 refluxus
1166 1109 1224 1181 hic
1238 1134 1355 1181 rerum
1365 1111 1486 1181 huma·

408 1273 547 1333 uarum,
565 1249 610 1321 ab
622 1249 686 1321 illa
699 1249 802 1321 Luna
815 1248 1000 1343 dependet,
1018 1257 1117 1321 ortus
1132 1272 1322 1342 regnorum
1337 1258 1371 1322 et
1384 1273 1485 1322 occa-

407 1414 480 1474 sus,
498 1389 616 1462 abillo
635 1389 730 1462 Sole.

455 1917 577 2008 ltaque
595 1921 634 1985 tu
651 1936 744 1986 nuuc
757 1936 835 1984 cum
858 1913 972 1984 fraena
993 1912 1105 1984 dolori
1125 1918 1184 1983 tuo
1203 1910 1317 1995 laxas,
1340 1921 1375 1984 et
1392 1913 1482 1984 indi·
1573 1986 1575 1990 ,

404 2053 527 2146 gnaris
544 2052 696 2147 patriam
714 2059 811 2124 tuam
825 2052 981 2124 converti
995 2060 1057 2124 aut
1074 2052 1185 2123 everti
1207 2077 1214 2121 :
1237 2075 1281 2122 ne
1302 2051 1389 2123 illud
1407 2053 1482 2145 qui-

404 2191 482 2262 dem
501 2191 655 2284 cogitas;
673 2191 763 2285 quis,
784 2191 868 2261 etin
883 2214 999 2285 quem,
1015 2191 1220 2283 indiguere?
1235 2190 1346 2268 Quis?
1361 2191 1478 2272 homo,

404 2329 541 2411 umbra,
574 2328 702 2421 pulvis.
735 2329 772 2399 in
802 2331 928 2423 queml
959 2329 1108 2400 formido
1136 2329 1265 2411 dicere,
1294 2327 1331 2399 in
1361 2328 1478 2400 deum.

403 2438 767 2571 Vetustasfgigantes
802 2468 972 2562 quosdam
1002 2468 1161 2540 fabulata
1193 2477 1266 2549 est,
1296 2468 1354 2562 qui
1381 2468 1481 2541 divos

402 2605 590 2677 deturbare
608 2607 745 2699 agressi
762 2607 806 2678 de
824 2630 889 2679 sua
907 2630 1001 2679 arce.
1025 2609 1206 2680 mittamus
1224 2607 1364 2679 fabulas
1386 2631 1393 2676 :
1415 2631 1479 2678 vos
1592 2644 1595 2651 .

401 2746 551 2840 queruli,
569 2746 593 2817 ii
608 2746 707 2818 estis,
725 2746 764 2818 si
777 2746 958 2818 euimhaee
970 2747 1089 2818 omuia
1102 2769 1172 2818 non
1186 2741 1479 2840 permissasulum

400 2884 518 2966 adeo,
540 2885 602 2956 sed
623 2884 799 2970 immissa;
816 2907 880 2956 vus
898 2884 957 2978 qui
980 2884 1142 2967 tremitis,
1170 2884 1230 2978 qui
1256 2885 1475 2978 repugnatis,

399 3022 482 3116 quid
501 3022 596 3115 aliud
614 3045 718 3115 quam
737 3030 914 3115 sceptrum
937 3020 988 3091 illi
1009 3021 1114 3115 (quod
1135 3022 1171 3093 iu
1194 3022 1295 3094 vobis
1322 3022 1386 3116 est)
1410 3025 1478 3095 eri-

399 3161 496 3255 pitis,
528 3168 563 3232 et
594 3159 780 3231 arbitrium
803 3160 996 3252 regnandi?
1025 3160 1132 3232 Caeca
1157 3161 1375 3233 mortalitas!
1401 3163 1474 3244 Sol,

401 3301 515 3382 Luna,
541 3299 671 3379 sidera,
701 3298 886 3381 elementa,
911 3306 946 3370 et
969 3300 1087 3370 omnia
1103 3300 1181 3372 haee
1207 3301 1301 3372 secla
1319 3302 1477 3373 animan-

397 3446 485 3521 tum,
502 3447 627 3533 parent
644 3462 715 3511 non
732 3437 893 3510 invitaet
910 3438 1106 3511 obaudiunt
1120 3464 1296 3534 supremae
1314 3441 1365 3513 illi
1381 3442 1472 3534 legi:

397 3580 655 3652 nobilissimum
673 3603 791 3651 rerum
812 3579 931 3661 home,
954 3577 1051 3651 solus
1076 3580 1112 3649 iu
1139 3581 1355 3653 conditorem
1374 3605 1475 3653 suum
1571 3666 1579 3682 .

396 3719 511 3790 calces
526 3719 608 3806 iacit
621 3727 656 3790 et
674 3718 819 3790 resistit.

444 4243 551 4335 Atqui
578 4244 606 4314 si
636 4245 714 4314 vela
741 4245 854 4315 ventis
882 4246 1052 4327 dedisses,
1088 4270 1274 4342 sequerere
1308 4272 1378 4321 nou
1405 4273 1472 4342 quo
