3204 5174
836 398 1020 461 -laa-

389 605 455 652 nus
473 581 671 662 Caracalla,
692 581 810 652 nescio
829 585 873 652 ob
898 604 985 676 quos
1006 580 1106 674 jocos
1127 579 1291 651 infensus
1326 578 1498 652 Alexan-

388 718 512 800 drinis,
537 720 634 812 pacis
652 720 768 814 specie
790 720 826 790 in
845 721 968 791 urbem
986 743 1064 790 eam
1086 719 1246 801 veniens,
1272 721 1496 792 universam

382 857 602 949 juventutem
615 859 652 928 in
665 881 826 953 campum
840 865 1082 941 convocatam,
1095 857 1206 928 milite
1221 837 1490 940 circumdedit,

389 1004 423 1067 et
441 997 542 1089 signo
564 997 646 1068 dato
665 998 710 1068 ad
729 1021 836 1068 unum
855 1020 976 1068 omnes
995 996 1134 1068 occidit.
1156 995 1307 1091 parique
1338 999 1494 1070 saevitia

389 1137 425 1206 in
439 1136 610 1231 reliquam
624 1136 882 1208 multitudinem
897 1160 996 1219 usus
1012 1136 1340 1231 frequentissimam
1355 1139 1491 1210 urbem

387 1300 533 1370 prorsus
551 1277 725 1349 exhausit.
742 1278 954 1350 Mitradates
969 1302 1032 1349 rex
1045 1302 1115 1350 una
1128 1277 1281 1372 epistola
1294 1284 1487 1369 octoyinta

388 1422 501 1488 millio
515 1416 641 1488 civium
652 1417 896 1489 Romanorum
911 1417 1116 1510 negotiandi
1130 1440 1259 1488 caussa
1269 1440 1339 1511 per
1352 1417 1488 1490 Asiam
1506 1432 1512 1443 ‘

389 1562 549 1656 dispersa
568 1559 759 1632 interemit.
775 1559 941 1631 Volesius
959 1558 1131 1631 Messalla
1148 1558 1344 1652 proconsul
1362 1557 1482 1643 Asiae,

389 1709 558 1769 trecentos
582 1722 655 1769 una
676 1699 732 1768 die
759 1698 873 1769 securi
899 1697 1086 1792 percussit,
1113 1703 1148 1767 et
1177 1695 1272 1766 inter
1298 1696 1485 1769 cadavera

391 1834 527 1928 rejectis
550 1834 712 1906 manibus
736 1835 886 1929 superbe
909 1833 1147 1916 inambulans
1174 1833 1276 1926 quasi
1299 1858 1378 1906 rem
1404 1861 1483 1907 rna-

389 1972 554 2066 gnificam
566 1972 720 2054 fecisset,
741 1971 983 2064 proclamavit,
1000 1968 1025 2037 ὦ
1043 1977 1173 2067 πρᾶγμα
1189 1970 1367 2062 βασιλικόν.

440 2902 485 2971 Et
503 2902 669 2994 profanos
693 2902 808 2973 adhuc
832 2902 957 2995 loquor
987 2900 1194 2994 impiosque,
1222 2900 1284 2970 sed
1305 2923 1390 2972 ecce
1412 2904 1481 2974 tibi

389 3042 494 3111 etiam
514 3042 604 3112 inter
624 3043 689 3112 deo
708 3065 791 3112 vero
810 3043 937 3113 devota
955 3041 1097 3112 nomina
1116 3039 1358 3111 Theodosium
1378 3044 1482 3136 prin-

390 3183 514 3277 cipem,
536 3184 594 3277 qui
613 3182 892 3263 Thessalonicae,
914 3205 976 3274 per
995 3207 1168 3253 summum
1188 3182 1304 3252 scelus
1323 3190 1361 3253 et
1379 3185 1484 3258 frau-

390 3330 481 3411 dem,
501 3339 631 3418 septem
652 3333 766 3399 mallio
792 3328 1016 3401 innoxiorum
1047 3330 1200 3422 capitum
1230 3327 1264 3398 in
1292 3328 1483 3405 theatrum

389 3467 489 3561 quasi
525 3469 569 3538 ad
599 3468 701 3538 ludos
732 3476 956 3551 convocatos
990 3469 1146 3539 immisso
1175 3467 1285 3538 milite
1316 3474 1481 3546 necavit.

389 3610 466 3686 Quo
492 3611 585 3682 facto
615 3610 701 3680 nihil
730 3610 844 3701 magis
871 3610 1016 3703 impium
1043 3616 1143 3680 vetus
1168 3608 1283 3679 omnis
1309 3609 1486 3705 impietas

388 3748 507 3819 habet.

439 3889 491 3957 Ite
508 3896 587 3979 post
603 3887 681 3956 haec
699 3887 765 3957 mei
789 3887 926 3979 Belgae,
946 3893 982 3956 et
1003 3886 1175 3957 saevitiam
1194 3886 1267 3958 sive
1285 3889 1485 3979 perfidiam

391 4022 592 4114 Principum
612 4032 776 4093 accusate
795 4023 831 4093 in
849 4023 915 4094 hoo
933 4046 1022 4094 aevo.
