3262 5190
730 488 913 552 -390-

444 667 564 726 Πολλάκι
578 672 623 725 καὶ
637 663 759 745 ξύμπασα
774 668 850 731 πόλις
865 677 949 725 κακοῦ
964 667 1056 747 ἀνδρὸς
1072 668 1188 746 ἐπαυρεῖ,

440 790 533 853 θ”στις
549 789 688 869 ἀλιτραίνει
703 794 748 846 καὶ
763 789 882 846 &stillula
899 791 1080 869 μηχανάαται.

439 910 526 966 Totam
541 908 563 964 δ’
578 911 716 988 οὐρανόθεν
735 909 793 987 μεγ’
807 910 924 985 ἐπήγαγε
936 918 1013 985 πῆμα
1030 909 1161 986 Κρονίων.

440 1030 527 1105 Λιμὸν
542 1033 611 1106 ὁμοῦ
627 1036 672 1087 καὶ
686 1029 789 1106 λοιμόν.

444 1175 541 1236 Unius
560 1178 596 1235 ob
613 1178 731 1234 crimea
741 1194 853 1252 paeaus
865 1177 938 1234 urbs
953 1182 1017 1234 totu
1034 1177 1186 1252 rependit,

441 1299 476 1359 Si
492 1302 560 1377 quis
577 1299 727 1388 sacrilege
737 1316 799 1358 sese
813 1304 902 1374 gerat
921 1308 976 1357 aut
995 1298 1117 1376 injuste.
1205 1332 1208 1339 ·

436 1421 560 1497 Jupiter
577 1423 649 1479 hinc
664 1420 738 1478 caela
752 1420 855 1478 clades
871 1420 1002 1479 immisit
1019 1419 1058 1476 ab
1074 1418 1137 1475 alto

435 1543 557 1601 Pestem
571 1544 634 1601 sire
648 1540 792 1601 Famem.

276 1696 330 1763 lta
345 1692 470 1763 classis
485 1692 698 1784 Argivorum
712 1699 787 1762 tota
806 1692 922 1784 periit,

439 1854 536 1914 Unius
550 1854 587 1911 ab
603 1873 723 1912 isaacum
741 1859 769 1911 et
783 1854 884 1929 parias
904 1854 1009 1932 Aiacis
1029 1854 1128 1913 Oilei:

277 2004 327 2072 ita
346 2002 381 2071 in
406 2001 535 2073 Judaea
560 2002 785 2093 septuaginta
811 2001 922 2071 millia
944 2001 1122 2071 hominum
1150 2002 1259 2093 pestis
1286 2026 1357 2074 una

267 2140 464 2233 justissime
483 2140 641 2223 abstulit,
659 2141 703 2210 ob
717 2140 884 2233 injustam
898 2140 1078 2210 libidinem
1093 2141 1188 2232 regis
1203 2143 1213 2235 (
1229 2145 1252 2233 ).

323 2281 370 2350 Et
402 2280 579 2350 interdum
608 2288 752 2364 contra;
792 2280 850 2350 ubi
886 2303 1008 2350 omnes
1034 2276 1236 2371 peccarunt,
1258 2282 1356 2352 Deus

277 2446 382 2492 unum
405 2445 579 2514 paucosve
598 2421 720 2513 seligit,
733 2422 828 2491 velut
847 2421 1045 2513 piaculares
1067 2422 1216 2513 publicae
1235 2446 1351 2493 uoxae.

277 2563 316 2630 ln
335 2583 402 2653 quo
421 2560 487 2629 sia
505 2559 618 2651 rigido
637 2559 697 2629 illo
711 2558 875 2652 paritatis
882 2559 963 2652 jure
977 2559 1010 2653 (²)
1029 2558 1221 2652 paullisper
1244 2559 1355 2630 disce·

275 2700 338 2780 dit,
360 2708 478 2770 tamen
498 2723 541 2769 ex
563 2698 747 2793 iniquitate
773 2698 852 2792 ipsa
871 2699 1021 2791 aequitas
1039 2721 1130 2769 nova
1149 2699 1261 2769 oritur
1285 2724 1291 2769 :
1318 2712 1354 2769 et

277 2839 430 2910 clemens
454 2839 615 2932 quaedam
635 2838 776 2932 justitia
800 2839 837 2907 in
869 2839 997 2908 multos
1016 2845 1082 2919 est,
1104 2838 1196 2932 quod
1215 2837 1354 2908 saevitia

276 2976 415 3048 videtur
432 2976 467 3046 in
482 2999 625 3070 paucos,
643 2978 770 3047 Nonne
784 2977 890 3047 etiam
903 2976 1090 3069 paedagogi
1109 2976 1233 3056 ferula,
1255 2981 1273 3047 e
1291 3000 1355 3046 nu-

276 3139 372 3187 mero
387 3116 603 3185 lascivientis
617 3116 751 3206 gregis,
769 3139 876 3186 unum
895 3115 1046 3208 aliquem
1060 3115 1187 3186 caeditt
1206 3115 1354 3208 impera-

222 3272 224 3276 ·
274 3262 331 3322 tor
345 3260 363 3323 e
378 3254 454 3323 susa
465 3254 633 3335 exercitu,
645 3275 775 3344 paucos
785 3253 1016 3325 decimatione
1027 3255 1201 3347 castigati
1218 3254 1351 3325 salubri

275 3400 393 3463 tamen
410 3400 555 3486 uterque
569 3392 728 3475 consilio,
743 3392 1024 3486 quiapaucorum
1039 3416 1081 3462 ea
1095 3392 1230 3485 pun-itio
1244 3400 1353 3464 terret

274 3534 500 3604 nihilominus
532 3542 566 3604 et
596 3534 759 3604 emendat
790 3555 923 3603 omnes.
958 3532 1040 3602 Vidi
1073 3532 1225 3604 medicos
1257 3555 1352 3626 saepe

273 3696 399 3743 venam
421 3673 456 3742 in
475 3672 563 3765 pede
582 3680 643 3742 aut
657 3671 800 3742 brachio
815 3670 981 3752 incidere,
1000 3693 1076 3741 cum
1096 3678 1206 3741 totum
1225 3693 1352 3764 corpus

273 3811 409 3881 doleret
428 3837 434 3881 :
457 3811 538 3903 quid
558 3811 630 3882 scio
649 3833 694 3880 an
713 3810 806 3880 idem
823 3809 880 3880 hic
898 3809 963 3880 siit

321 3927 462 4019 Arcana
476 3948 568 4018 enim
587 3949 664 4020 haec
679 3972 822 4030 arcana,
842 3948 939 4041 Lipsi
958 3976 964 4016 :
979 3958 1026 4031 et,
1042 3948 1071 4019 si
1087 3950 1255 4043 sapimus,
1274 3971 1352 4041 pro-

272 4087 351 4181 pius
365 4109 435 4156 non
450 4093 635 4177 tangemus
650 4110 788 4157 sacrum
807 4087 904 4158 illum
920 4087 1050 4179 ignem.
1067 4087 1165 4181 cujus
1180 4087 1350 4159 scintillas

272 4234 307 4295 et
335 4225 518 4295 stricturas
542 4224 712 4317 quasdam
736 4224 853 4295 videre
872 4224 1033 4296 homines
1055 4225 1207 4296 sortasse
1224 4243 1349 4318 possu-
