3262 5190
851 532 1034 596 -916-

336 797 338 801 f
403 716 566 787 voluutas
580 714 787 808 impelleret,
805 715 867 785 sed
887 737 955 810 quo
969 714 1019 785 illi
1038 741 1045 784 ε
1063 715 1148 785 etin
1162 713 1229 785 hoc
1243 714 1325 785 vitae
1341 715 1481 785 Oceano

284 865 294 877 '
404 855 564 947 spiritum
583 853 681 925 illum
695 853 792 947 sequi
812 876 969 936 recusas,
989 860 1262 948 temperatorem
1281 853 1448 925 Universi
1471 881 1477 924 :

389 993 452 1064 ut
470 1015 613 1064 recusas
639 999 757 1064 tamen
775 992 921 1074 frustra,
951 993 1033 1087 quia
1055 1001 1117 1064 aut
1135 1016 1295 1087 sequere,
1324 1000 1385 1064 aut
1411 1001 1482 1064 tra·

403 1131 488 1202 here
517 1157 524 1203 :
552 1139 587 1201 et
613 1129 773 1202 coelestia
797 1130 860 1202 illa
884 1131 1026 1203 decreta
1043 1131 1114 1202 vim
1135 1155 1235 1203 suam
1254 1132 1481 1225 ordinemque

403 1270 607 1351 servabunt,
621 1269 740 1340 sivein
753 1269 927 1340 volentem
942 1269 1016 1340 sive
1029 1269 1065 1339 in
1074 1269 1255 1341 rebellem.
1269 1269 1477 1350 RideamuS‚

403 1408 433 1479 si
447 1409 477 1480 is
491 1408 549 1502 qui
564 1408 724 1503 cymbam
738 1408 784 1479 ad
798 1431 920 1501 rupem
934 1407 1096 1500 alligavit
1109 1415 1144 1479 et
1157 1408 1275 1480 funem
1289 1408 1480 1480 identidem

401 1547 533 1629 trahat,
567 1569 688 1640 rupem
715 1547 760 1618 ad
791 1570 829 1619 se
854 1546 1021 1618 accedere
1047 1553 1202 1627 censeat,
1231 1547 1408 1639 cumipse
1434 1547 1479 1617 ad

400 1687 498 1757 illam
519 1708 526 1754 :
550 1693 584 1756 et
602 1709 672 1756 non
693 1684 804 1779 major
818 1693 941 1786 nostra
955 1684 1106 1756 stultitia
1126 1692 1193 1767 est,
1217 1685 1275 1779 qui
1294 1685 1338 1756 ad
1358 1708 1479 1778 rupem

400 1824 497 1896 illam
512 1831 657 1895 aeternae
673 1822 910 1894 Providentiae
925 1821 1018 1904 neri,
1036 1821 1210 1893 trahendo
1224 1831 1259 1893 et
1274 1822 1479 1893 reluctando

400 1961 561 2033 volumus
583 1983 661 2031 eam
679 1959 780 2032 nobis
799 1959 957 2053 obsequi,
987 1983 1056 2030 non
1080 1983 1145 2031 uos
1171 1960 1262 2054 ipsit
1294 1961 1479 2032 Mittamus

399 2101 588 2195 aliquando
606 2100 684 2172 haec
698 2123 789 2172 vana
806 2106 878 2183 ·,et,
896 2099 926 2170 si
940 2098 1110 2193 sapimus
1128 2123 1317 2193 sequamur
1342 2100 1387 2171 ab
1407 2100 1478 2171 alto

400 2238 637 2310 attrahentem
653 2238 750 2311 illam
764 2237 847 2319 vim,
869 2249 904 2308 et
917 2260 1057 2330 aequum
1071 2259 1278 2308 censeamus
1292 2244 1331 2309 ut
1343 2237 1478 2309 homini

399 2376 550 2469 placeat,
571 2375 739 2471 quidquid
757 2375 890 2469 placuit
903 2376 990 2447 Deo.
1012 2376 1118 2448 Miles
1136 2376 1173 2446 iu
1186 2377 1336 2459 Castris,
1358 2378 1478 2448 audito

400 2513 467 2585 viae
498 2514 626 2606 signo,
658 2536 746 2585 vasa
776 2513 932 2608 colligit;
970 2515 1090 2587 audito
1125 2537 1275 2609 pugnae,
1312 2515 1475 2610 deponit;

399 2654 530 2738 animo,
551 2653 675 2738 oculis,
697 2654 856 2736 auribus,
877 2662 1024 2749 paratus
1051 2655 1096 2725 ad
1121 2677 1224 2726 omne
1242 2654 1425 2748 imperium
1443 2662 1479 2725 et

398 2794 566 2864 intentus
588 2792 680 2864 idem
693 2793 796 2865 nobis
810 2794 868 2876 sit,
886 2800 921 2865 et
935 2794 971 2865 in
984 2794 1052 2866 hac
1066 2793 1192 2865 militia
1206 2816 1396 2886 sequamur
1406 2793 1478 2864 ala·

399 2955 475 3002 cres
490 2939 525 3003 et
538 2931 642 3024 pleno
656 2931 770 3023 gradu
784 2954 1002 3025 quocumque
1011 2937 1194 3002 vocantem
1209 2932 1473 3023 Imperatorem.

424 3056 429 3060 ’
448 3076 505 3140 Ad
517 3075 581 3139 hoc
595 3079 858 3143 sacramentum
872 3074 992 3139 adacti
1003 3092 1135 3151 suanus,
1155 3070 1205 3139 ait
1221 3069 1365 3151 Seneca,
1379 3075 1478 3155 ferre

400 3212 566 3278 mortalia
581 3229 589 3268 -·
607 3231 671 3278 aec
687 3187 898 3296 perturbari
918 3212 983 3289 hia,
1007 3231 1084 3295 quae
1101 3213 1212 3279 vitari
1224 3217 1354 3278 nostro²
1367 3219 1479 3297 potes·

399 3351 482 3416 tatis
511 3368 581 3414 non
611 3355 674 3418 eat.
702 3351 744 3415 In
772 3368 882 3435 reyno
908 3351 986 3415 riuti
1008 3370 1131 3415 sumus
1165 3370 1171 3414 :
1206 3347 1283 3418 Dno
1315 3370 1474 3430 ennnnn,

398 3508 571 3557 arenariis
594 3508 667 3557 usr.
