3262 5190
723 518 845 580 —360
875 554 907 563 -

326 697 461 788 Magna
479 703 667 767 momenta
695 705 891 790 temporum
922 703 1015 778 sunt,
1054 703 1088 766 et
1119 696 1355 768 saluberrima

277 857 372 928 saepe
390 835 563 906 medicina
581 837 667 907 abiit
684 836 719 906 in
738 836 927 930 perniciem
948 836 1032 906 data
1053 859 1122 906 non
1143 844 1352 931 opportune.

278 973 474 1066 Caligulam
501 974 536 1044 in
564 975 675 1068 primo
706 974 906 1068 tyrannidis
930 997 1004 1045 suae
1031 997 1136 1044 cursu
1167 975 1309 1045 sustulit
1344 1000 1350 1044 :

277 1113 453 1182 Neronem
472 1112 631 1204 grassari
649 1111 767 1205 paullo
791 1111 922 1182 diutius
945 1110 1027 1181 sivit
1048 1136 1055 1180 :
1078 1110 1274 1181 diutissime
1292 1111 1354 1182 Ti-

276 1251 423 1322 berium.
452 1275 516 1322 nec
544 1252 696 1344 ambige,
724 1251 807 1344 quin
835 1274 956 1321 eorum
988 1250 1158 1343 ipsorum,
1190 1249 1249 1343 qui
1279 1257 1353 1321 tum

276 1414 412 1484 quoque
438 1391 688 1485 querebantur,
712 1390 817 1462 bono.
844 1392 959 1482 Egerit
983 1376 1149 1460 diuturno
1176 1412 1271 1483 saepe
1289 1389 1354 1461 fla-

276 1538 369 1629 gello
405 1538 488 1609 meli
512 1538 624 1609 nostri
650 1545 685 1608 et
710 1536 924 1608 inemendati
950 1558 1066 1606 mores
1091 1560 1101 1608 ι
1129 1542 1166 1606 at
1188 1558 1252 1606 nos
1275 1535 1352 1606 tolli

275 1658 362 1748 illud
384 1677 503 1748 statim
529 1675 704 1757 volumus,
730 1682 766 1746 et
790 1674 913 1767 conjici
940 1674 974 1743 in
1003 1674 1134 1766 ignem.
1162 1674 1251 1745 Haec
1281 1697 1353 1745 una

277 1814 455 1885 tarditatis
470 1813 573 1894 ratio,
587 1837 666 1907 quae
680 1836 745 1884 nos
759 1813 873 1904 tangit
890 1812 981 1884 :alia
994 1835 1073 1907 quae
1087 1812 1201 1906 ipsum
1210 1814 1323 1884 Deum
1340 1838 1347 1883 :

275 1954 331 2023 cui
357 1952 497 2023 videtur
518 1952 676 2034 insitum,
697 1962 735 2021 ut
757 1958 847 2021 lento
873 1956 992 2040 produ
1010 1956 1057 2020 act
1077 1956 1269 2057 vinidictam
1294 1957 1352 2020 sui

272 2097 449 2181 procedat,
468 2096 741 2181 tarditatemque
758 2097 925 2180 supplicii
941 2096 1119 2179 pravitate
1140 2100 1347 2178 compenset.

274 2234 371 2303 Bene
390 2231 561 2325 Synesius
582 2256 589 2301 :
610 2233 646 2298 τὸ
664 2230 742 2298 θεῖον
759 2229 841 2323 pola}
860 2234 911 2297 καί
927 2226 1009 2307 τὰξει
1027 2228 1156 2318 βαδίζει.
1178 2251 1242 2299 nec
1259 2227 1351 2298 male

273 2369 393 2461 prisci,
410 2369 468 2461 qui
488 2368 531 2438 ab
550 2367 617 2438 hac
630 2375 745 2438 mente
764 2369 858 2438 Deos
875 2350 1057 2459 lingebant
1077 2368 1199 2438 laneos
1217 2367 1349 2438 habere

273 2507 393 2598 pedes.

324 2850 373 2920 Ut
387 2848 609 2943 quantumvis
622 2848 779 2918 fervidus
794 2855 828 2918 ct
843 2848 1007 2931 vindictae
1021 2872 1192 2943 properus
1207 2850 1265 2932 siS,
1280 2872 1350 2931 nou

274 2989 426 3059 videaris
446 3010 543 3079 aegre
561 2987 652 3057 serre
671 2986 800 3056 debere
818 2985 909 3057 hanc
927 3011 1063 3058 moram
1085 3015 1091 3059 :
1114 3011 1193 3082 quoe
1207 2989 1263 3059 ite
1276 3012 1349 3082 pne-

265 3151 330 3197 ·nae
357 3127 580 3196 intervallum
605 3134 671 3206 est,
698 3132 737 3195 ut
762 3125 807 3195 sit
836 3133 870 3195 et
896 3136 1136 3219 augmentum.
1163 3129 1228 3200 Dic
1249 3128 1348 3207 mihi,

274 3264 486 3356 tragoediam
513 3265 542 3334 si
562 3271 712 3357 spectes,
738 3286 782 3333 an
809 3265 993 3357 indignere
1016 3269 1045 3338 si
1068 3268 1198 3339 Atreus
1211 3267 1272 3339 ille
1289 3277 1351 3339 aut

262 3383 460 3498 Thyestes,
489 3404 525 3474 in
551 3403 663 3497 primo
683 3403 862 3496 alteroque
883 3413 976 3488 actu,
998 3407 1166 3479 sublimes
1180 3431 1243 3501 per
1263 3431 1350 3479 scae-

273 3568 355 3614 nam
381 3551 417 3614 et
441 3543 524 3614 elati
546 3541 726 3636 paulisper
750 3541 938 3615 incedant?
967 3552 1128 3637 regnent,
1158 3544 1347 3634 minentur,

255 3683 469 3776 'imperentl
500 3704 570 3751 non
596 3680 732 3772 opinor.
763 3679 904 3751 brevem
931 3683 1022 3753 enim
1046 3682 1248 3753 felicitatem
1271 3703 1351 3751 eam

273 3805 352 3891 esse
371 3820 475 3899 scias,
497 3825 532 3888 et
550 3823 732 3909 exspectes
750 3824 788 3886 ut
806 3816 897 3888 suade
919 3843 999 3890 mox
1017 3830 1123 3891 ruant
1140 3821 1174 3890 in
1194 3827 1350 3890 extremo

194 3999 196 4003 ν
275 3966 368 4027 actu.
384 3953 555 4026 inmundi
574 3953 640 4023 hac
654 3960 772 4022 autem
784 3952 916 4036 fabula,
933 3978 995 4026 cur
1008 3957 1161 4050 iniquior
1174 3957 1210 4026 in
1224 3957 1349 4034 Deum,

273 4119 377 4190 quam
408 4095 444 4165 in
470 4101 610 4188 poetam
636 4091 789 4185 aliquem
814 4096 875 4166 est
903 4097 966 4167 llle
993 4098 1121 4192 impius
1146 4098 1262 4175 floret.
1290 4095 1351 4167 ille

275 4245 447 4329 tyrannus
477 4231 574 4303 vivit.
603 4231 671 4300 lta.
706 4229 769 4299 sed
793 4231 909 4322 cogita
939 4233 1089 4326 primum
1116 4235 1208 4304 huuc
1234 4240 1351 4304 actum
