3262 5190
778 485 959 548 -300-

280 669 289 691 ”
330 666 452 748 reseis,
475 689 584 759 eaque
608 688 678 736 una
696 664 759 736 tibi
783 665 998 747 studiorum,
1020 665 1112 758 quod
1131 664 1278 748 dieitur,
1300 689 1407 758 prora

331 813 365 875 et
383 804 522 898 puppis,
547 805 764 876 Rudimenta
790 805 883 875 euim
910 805 987 875 haee
1010 813 1133 876 nostra
1158 828 1236 876 esse
1263 806 1404 886 debent,

330 966 401 1014 non
415 965 523 1036 opera
542 967 548 1011 :
570 944 640 1024 via,
662 966 731 1013 nou
752 951 857 1014 meta.
882 945 921 1013 ln
940 943 1102 1014 convivio
1126 944 1243 1037 aliquo
1263 944 1292 1015 si
1310 968 1407 1015 asse-

332 1084 457 1166 disses‚
473 1108 543 1155 non
557 1083 707 1154 bellaria
721 1083 833 1153 solum
848 1090 883 1153 et
896 1082 1077 1174 placentas
1087 1090 1265 1175 gustares,
1280 1084 1403 1154 credo:

333 1223 394 1294 sed
409 1222 589 1293 stomacho
603 1221 843 1292 fulcimentum
857 1220 998 1314 aliquod
1016 1221 1120 1291 dares
1134 1220 1202 1291 cibi
1217 1194 1404 1291 firmioris:

333 1362 369 1473 in
388 1361 454 1432 hoe
471 1361 612 1453 publico
639 1361 879 1431 doctrinarum
902 1359 1018 1453 epula
1050 1383 1112 1429 cur
1135 1384 1205 1430 non
1229 1360 1322 1430 idem
1346 1360 1407 1431 fat

333 1523 395 1571 cin
413 1499 556 1592 inquam
583 1498 627 1569 ad
653 1498 716 1568 illa
734 1505 915 1569 oratorum
938 1505 972 1567 et
998 1503 1182 1590 podtarum
1200 1498 1317 1580 mella,
1339 1521 1409 1569 non

331 1637 494 1730 adjungis
512 1637 604 1707 hanc
620 1634 812 1706 firmiorem
831 1634 1071 1727 Philosophiae
1087 1635 1234 1728 dapemt

385 2246 419 2316 N
422 2268 467 2316 on
482 2245 575 2315 enim
586 2244 700 2316 deseri
716 2244 796 2316 illas
809 2244 889 2316 volo
904 2244 959 2338 (ne
975 2244 1104 2315 tacitus
1119 2268 1174 2315 me
1188 2243 1412 2336 calumniare)

336 2382 399 2452 sed
416 2382 508 2452 hanc
526 2382 642 2451 adseri
667 2396 729 2452 :et
756 2381 891 2452 solutas
914 2403 976 2474 per
996 2404 1034 2451 se
1058 2382 1275 2475 fluentesque
1304 2382 1414 2476 Nym-

335 2520 424 2613 phas
443 2520 634 2613 temperari
659 2520 726 2591 hoc
744 2521 933 2603 severiore,
963 2528 1002 2592 ut
1022 2522 1072 2592 ita
1091 2522 1228 2614 loquar,
1255 2521 1409 2594 Bacche.

337 2661 442 2731 Proci
472 2661 524 2730 illi
547 2661 640 2753 apud
672 2661 865 2731 Homerum
888 2684 959 2732 non
989 2661 1119 2754 injuria
1149 2662 1321 2744 ridentur,
1355 2661 1413 2754 qui

336 2800 459 2870 relicta
483 2800 660 2895 Penelope
681 2808 886 2872 convertere
911 2824 948 2872 se
967 2802 1012 2871 ad
1026 2801 1174 2872 ancillas
1193 2824 1200 2869 :
1222 2825 1306 2873 cave
1321 2800 1413 2871 idem

335 2938 399 3008 tibi
417 2938 475 3021 sit,
492 2963 536 3010 ne
551 2947 671 3032 spreta
690 2940 751 3010 illa
770 2963 889 3010 rerum
907 2939 1062 3022 domina,
1085 2940 1211 3011 ardeas
1226 2947 1362 3011 tantum
1378 2941 1413 3010 in

336 3076 411 3168 ejus
426 3077 656 3149 administris.
679 3077 834 3149 Pulchra
851 3078 929 3148 lraee
945 3079 1116 3161 laudati0‚
1144 3079 1174 3150 Ο
1200 3079 1313 3149 virum
1332 3079 1413 3149 doe·

337 3215 431 3284 tum!
456 3216 518 3285 sed
544 3215 606 3285 illa
630 3205 766 3298 melior,
789 3217 952 3288 Ovirum
970 3218 1184 3310 sapientem!
1208 3226 1243 3289 at
1268 3219 1338 3289 ista
1356 3242 1415 3312 op·

336 3352 435 3434 tima,
471 3354 641 3424 Ovirum
673 3355 819 3425 bonum!
860 3357 935 3427 Has
972 3365 1146 3428 sectemur
1180 3385 1187 3428 ε
1218 3365 1254 3429 et
1276 3381 1338 3450 per
1362 3365 1415 3429 tot

336 3491 478 3563 labores
513 3516 582 3563 non
614 3491 703 3563 scire
738 3499 876 3563 tantum
910 3493 1078 3574 velimus
1119 3495 1180 3564 sed
1217 3495 1349 3588 Sapere
1380 3501 1415 3564 et

338 3639 484 3710 Facere.

576 3776 615 3839 Ως
628 3777 701 3834 οὐδὲν
717 3782 733 3846 ἡ
749 3782 870 3854 μάθησις,
889 3778 919 3835 ἅν
934 3783 969 3854 μὴ
986 3780 1044 3842 aad<
1059 3788 1131 3856 παρῆ
1146 3779 1152 3836 l

338 3996 386 4065 ait
401 4004 500 4064 vetus
518 4004 552 4065 ei
571 4020 673 4068 verus
693 4022 828 4070 versus.
