3262 5190
740 478 924 541 -laa-

273 656 508 749 ,praecipuum
538 656 703 738 vinclum,
738 656 975 739 coerimonias,
997 656 1092 748 jura,
1126 655 1236 748 leges.
1274 656 1371 732 Quas

291 801 409 863 tamen
434 792 530 885 ipsas
558 815 615 863 res
639 793 690 863 ita
713 816 833 864 amare
855 802 890 864 et
916 817 1041 864 curare
1067 792 1218 863 avaritia
1249 800 1372 863 nostra

292 932 441 1025 occoepit
458 931 538 1025 (nec
561 932 693 1003 erravit
711 934 874 1028 prorsus)
900 947 938 1004 ut
956 956 1053 1004 suas.
1074 934 1169 1003 Vere
1187 932 1280 1003 enim
1300 933 1371 1002 sin-

289 1071 383 1164 gulis
402 1071 537 1142 civibus
551 1071 587 1141 in
606 1094 649 1141 ea
660 1071 720 1163 jus
743 1098 749 1142 :
769 1095 833 1142 nec
847 1073 1014 1143 differunt
1033 1071 1213 1165 aprivatis
1231 1072 1371 1164 posses·

291 1209 461 1292 sionibus,
483 1211 551 1281 nisi
570 1211 664 1304 quod
687 1234 757 1280 non
777 1211 892 1281 unius.
920 1210 968 1281 At
993 1211 1170 1282 consortio
1190 1210 1259 1281 ista
1276 1211 1372 1281 velut

294 1347 456 1430 formam,
470 1347 835 1441 etfaciemquamdam
850 1349 1024 1442 expressit
1034 1349 1115 1419 novi
1125 1356 1249 1420 status.
1266 1372 1370 1442 quam

291 1487 562 1580 Rempublicam
571 1495 606 1558 et
620 1488 779 1558 eamdem
793 1487 934 1581 proprie
954 1488 1113 1558 Patriam
1133 1488 1367 1581 appellamus.

291 1629 331 1697 ln
357 1649 427 1720 qua
450 1650 528 1697 curn
551 1627 798 1718 intellegerent
825 1626 984 1697 homines
1007 1633 1177 1719 quantum
1203 1625 1369 1696 momenti

290 1774 384 1836 esset
405 1764 620 1835 adsalutem
643 1763 863 1855 singulorum
885 1790 892 1834 ε
916 1765 1002 1835 latae
1022 1764 1127 1834 etiam
1151 1764 1249 1855 leges
1268 1764 1310 1834 de
1328 1786 1371 1834 ea

283 1902 487 1994 juvandaet
495 1901 754 1994 propugnanda
771 1927 777 1971 :
796 1909 858 1973 aut
871 1910 966 1972 certe
980 1902 1133 1973 traditus
1145 1906 1166 1972 a
1177 1901 1369 1994 majoribus

291 2063 379 2123 mos
401 2041 460 2134 qui
479 2041 593 2111 instar
610 2042 741 2133 legum.
761 2041 854 2111 Hinc
866 2042 1010 2123 factum,
1029 2050 1068 2112 ut
1086 2041 1276 2113 commodis
1295 2042 1370 2132 ejus

290 2177 521 2270 gaudeamus,
535 2178 717 2253 doleamus
731 2178 961 2250 incommodis
976 2205 982 2249 :
996 2178 1079 2271 quia
1090 2180 1208 2271 reipsa
1220 2155 1369 2271 privatae

290 2325 423 2387 nostrae
446 2340 530 2409 opes
555 2317 677 2397 salvae,
707 2317 769 2387 illa
791 2318 911 2401 salva;
940 2325 976 2388 et
998 2327 1160 2399 mortuae,
1182 2318 1365 2392 moriente.

291 2453 383 2523 Hinc
408 2453 538 2524 caritas
569 2453 605 2523 in
636 2476 714 2524 earn
745 2454 818 2524 sive
853 2477 964 2525 amor.
996 2479 1099 2548 quem
1130 2456 1213 2526 boni
1240 2455 1369 2548 publici
1436 2469 1443 2483 ‘

291 2615 419 2664 caussa
446 2591 550 2685 (illuc
576 2599 694 2664 autem
712 2594 850 2665 occulta
871 2595 1034 2687 quaedam
1057 2595 1113 2665 dei
1141 2594 1370 2666 Providentia

291 2753 356 2802 nos
378 2730 505 2826 trahit)
531 2736 662 2802 auxere
685 2734 849 2825 majores,
878 2734 981 2805 factis
1008 2733 1180 2831 dictisque
1207 2733 1368 2804 omnibus

292 2869 511 2962 majestatem
526 2871 653 2964 patriae
667 2871 905 2943 adstruentes,
