3262 5190
719 474 841 537 -ste
867 508 904 519 -

271 664 435 747 beneficio
464 663 540 747 ejus
569 663 698 739 onmia,
726 641 843 729 Stato'r
873 660 1121 745 Stabititorqee
1150 665 1212 727 est.
1246 661 1350 724 Hune

272 804 430 868 eumdem
453 809 485 867 et
498 803 628 867 Fatum
646 803 679 867 si
690 802 841 879 disceris,
859 820 929 866 non
947 801 1141 867 mentieris.
1163 801 1256 866 Nam
1270 818 1348 864 euin.

273 944 400 1008 Fatum
419 941 510 1006 niliit
522 942 621 1006 atiud
637 942 693 1018 sit,
707 944 813 1025 quctm
827 941 937 1006 series
950 942 1107 1032 implexa
1120 958 1326 1005 caussarum
1335 962 1357 1013 ,-

273 1084 329 1148 itte
342 1088 392 1147 est
403 1083 523 1167 prima
537 1083 694 1147 omnium
708 1099 843 1158 caussa,
853 1100 899 1146 ex
912 1086 1125 1163 quacoeterae
1138 1075 1309 1168 pendent(
1323 1075 1346 1161 ).

273 1217 361 1295 Quae
391 1226 570 1311 postrema
595 1225 667 1288 tam
697 1216 753 1310 pie
779 1216 888 1298 dicta,
914 1223 953 1286 ut
983 1215 1192 1286 calumniari
1218 1239 1260 1285 ea
1285 1237 1348 1284 nee

273 1357 457 1428 Calumnia
475 1357 553 1451 ipsa
569 1355 693 1449 possit.
723 1356 846 1448 Neque
871 1353 960 1425 abiit
975 1352 1042 1425 hae
1057 1363 1159 1447 parte
1176 1377 1199 1424 a
1221 1353 1349 1425 Stoicis

273 1497 424 1589 scriptor
454 1494 513 1565 ille
543 1515 694 1586 magnus
723 1493 768 1564 ad
798 1516 917 1586 regem
947 1515 1113 1586 magnum
1138 1518 1145 1562 :
1170 1496 1349 1562 Eoeistimo

273 1645 390 1704 autem
411 1644 443 1704 et
472 1638 722 1704 Necessitatem
750 1656 820 1702 iton
845 1637 945 1702 atiud
973 1637 1046 1702 dict
1069 1636 1207 1715 debere,
1242 1638 1347 1718 quem

272 1779 409 1845 Deum:
426 1784 596 1861 tanquam
619 1775 778 1842 stabilem
796 1781 978 1843 naturam.
998 1781 1031 1840 et
1049 1777 1177 1869 Fatum
1194 1775 1277 1840 item
1297 1776 1349 1858 ip-

272 1937 361 1995 suin,
381 1918 473 2002 quod
489 1919 669 1984 connectat
685 1917 816 1994 sennia,
841 1922 873 1983 et
892 1917 1149 2001 proyrediatur
1174 1916 1282 1982 tibere
1307 1933 1349 1979 ac

272 2057 348 2122 sine
371 2056 632 2141 impedimenta

323 2317 390 2396 Qui
410 2341 589 2389 sermones
609 2317 638 2388 si
656 2317 739 2410 quid
756 2316 943 2410 improvidi
959 2315 1103 2398 habent,
1125 2315 1211 2385 nihil
1230 2323 1348 2386 tamen
1456 2337 1470 2360 ⁸

273 2455 369 2550 impii
392 2479 399 2524 :
421 2462 457 2526 et
470 2455 563 2548 apud
582 2478 703 2548 eequos
721 2455 930 2549 interpretes
948 2455 1042 2526 haud
1058 2455 1163 2548 longe
1181 2455 1310 2525 absunt
1327 2455 1350 2523 ’ἐι

273 2617 357 2665 vero
373 2601 561 2688 nostroque
574 2595 678 2667 Fato,
693 2593 784 2666 Illud
794 2595 933 2690 quidem
947 2595 1100 2688 elogium
1115 2595 1206 2666 serio
1217 2595 1349 2666 Stoico-

273 2758 350 2806 rum
382 2734 479 2828 genti
505 2734 563 2807 do.
600 2758 669 2806 non
699 2735 804 2806 aliam
829 2745 961 2808 sectam
996 2736 1213 2830 majestatem
1249 2759 1348 2806 suam

274 2888 308 2945 et
342 2874 600 2967 providentiam
629 2874 694 2945 deo
726 2875 840 2967 magis
869 2875 1100 2947 adseruisse:
1138 2899 1208 2945 non
1243 2874 1349 2945 aliam

273 3013 432 3084 homines
454 3013 498 3083 ad
517 3013 673 3084 aetherea
689 3014 751 3084 illa
772 3021 808 3085 et
827 3024 961 3085 aeterna
986 3014 1137 3085 traxisse
1149 3016 1280 3108 'magis¹
1303 3019 1349 3089 Et

274 3152 310 3220 in
328 3152 447 3222 fatalis
474 3151 576 3244 hujus
603 3152 708 3223 stadii
724 3153 873 3224 decursu
888 3152 1013 3246 siquid
1038 3153 1129 3247 lapsi
1152 3177 1159 3223 :
1188 3155 1350 3238 credet

274 3289 443 3360 laudabili
468 3290 627 3382 bonoque
651 3289 766 3360 studio
788 3289 865 3373 suit,
897 3314 1012 3362 coecos
1031 3293 1197 3364 mortales
1216 3298 1236 3363 t
1255 3317 1352 3366 coeca

275 3429 351 3498 Dea
372 3427 573 3500 revocandi.
607 3401 963 3523 Fortunam'inquie
1002 3430 1099 3524 cujus
1134 3454 1203 3501 non
1237 3433 1365 3540 soliimk

273 3592 401 3640 numen
424 3569 469 3640 ab
494 3569 544 3641 iis'
563 3569 701 3641 fortiter
727 3569 922 3663 explosum,
944 3571 1006 3642 sed
1025 3580 1060 3642 et
1078 3595 1218 3644 nomen.

305 3963 335 4026 (ι)
356 3962 396 4011 De
409 3963 523 4012 senene.
538 3962 713 4020 lih.1t'‚c.7
