3262 5190
726 484 910 544 ..195-

276 663 370 757 quod
397 663 604 739 institimus,
630 662 723 754 quod
748 664 977 754 pressimus:
1003 680 1037 732 et
1060 686 1140 755 quae
1168 664 1241 733 utin
1271 667 1357 737 mihi

277 805 386 874 tinnis
400 803 498 873 inani
509 804 627 873 sonitu
644 803 846 872 verborum.
863 803 990 872 Petere
1002 804 1096 873 enim
1113 804 1210 874 illine
1223 806 1359 876 frustra

276 943 331 1012 vis
344 942 470 1011 insitas
483 942 616 1012 amoris
624 941 729 1033 hujus
742 964 901 1011 caussas,
913 942 1006 1011 Nam
1021 942 1051 1012 si
1064 943 1233 1034 genitalis
1245 945 1358 1015 solius

276 1080 343 1151 soli
357 1080 394 1149 id
407 1103 533 1149 nomen
545 1106 553 1147 :
566 1080 683 1172 petria
692 1079 779 1149 mihi
788 1079 928 1171 quidem
942 1079 1112 1149 Bruxella
1122 1091 1259 1150 tantum
1271 1081 1353 1160 erit.

274 1218 338 1289 tibi
359 1219 554 1295 lsscanum,
569 1216 673 1286 alteri
690 1217 842 1309 cuipiam
855 1217 1036 1308 tugurium
1053 1236 1115 1288 aut
1128 1241 1267 1311 magar.
1283 1221 1355 1290 imo

275 1357 396 1427 multis
411 1380 478 1426 nec
495 1357 674 1448 tugurium
692 1355 846 1448 quidem,
867 1355 930 1426 sed
947 1356 1038 1425 silva
1059 1365 1095 1427 et
1119 1357 1235 1428 nudus
1251 1381 1352 1450 ager.

272 1500 385 1569 Amor
401 1519 488 1588 ergo
507 1519 605 1567 meus
630 1503 666 1566 et
691 1518 778 1565 eura
798 1496 894 1565 intra
914 1495 1004 1565 istos
1027 1505 1200 1588 angustos
1224 1497 1356 1568 limites

274 1636 465 1707 conclusa?
484 1634 604 1704 villam
618 1634 715 1704 illam
732 1648 870 1703 tantum
888 1646 949 1703 aut
962 1633 1117 1712 domum,
1134 1646 1172 1704 ut
1186 1637 1352 1728 patriam,

273 1774 517 1866 amplecteret
534 1771 745 1841 defendam?
764 1771 875 1840 Vides
887 1771 1052 1863 ineptias
1068 1788 1103 1842 et
1121 1796 1225 1865 quam
1244 1775 1352 1857 beati,

273 1930 309 1983 te
330 1911 532 1989 definiente,
557 1909 685 1980 silvani
710 1908 762 1978 illi
780 1918 841 1979 aut
864 1928 1038 2001 agrestes.
1059 1933 1207 2004 quorum
1224 1913 1355 1984 natalis

274 2062 372 2122 terra
395 2050 524 2121 derens
542 2072 693 2142 semper,
721 2057 755 2118 et
773 2071 875 2141 paene
898 2058 998 2118 extra
1024 2072 1127 2119 omne
1153 2050 1264 2121 cladis
1293 2062 1354 2122 aut

274 2189 438 2258 interitus
464 2187 665 2256 discrimen.
688 2185 759 2256 Sed
776 2209 847 2255 non
864 2185 950 2256 illud
968 2187 1125 2278 profecto
1143 2188 1267 2258 Patria
1283 2200 1351 2271 est,
1430 2188 1437 2211 ⁸

274 2350 344 2396 non
375 2352 382 2394 :
408 2325 471 2395 sed
494 2348 585 2395 [xes
609 2345 750 2399 ‚inlutus
774 2346 915 2402 smus,
938 2340 975 2392 ut
999 2323 1085 2403 dixi,
1106 2347 1149 2394 nr
1170 2348 1354 2398 connexis

274 2485 390 2532 usuri
408 2484 526 2540 snum,
548 2483 614 2530 sun
633 2482 703 2530 uxo
716 2459 823 2529 Rnnu
840 2484 910 2530 nur
926 2483 993 2530 suu
1011 2483 1083 2532 usn
1103 2462 1215 2532 Lusi-2.
1240 2462 1353 2539 Quam
1454 2521 1462 2529 .

274 2601 305 2670 si
314 2601 395 2692 jure
408 2598 520 2668 amari
535 2603 554 2666 n
569 2597 703 2667 civibus
717 2597 783 2677 ris,
801 2596 956 2678 sateb0r;
972 2597 1124 2678 defendi,
1142 2620 1350 2690 agnoscam

273 2739 430 2810 morbem
448 2761 512 2830 pro
529 2759 573 2806 ea
590 2733 733 2826 suscipi,
755 2734 969 2825 permittam.
994 2757 1065 2804 nou
1079 2735 1179 2817 illud,
1196 2746 1233 2806 ut
1247 2738 1353 2808 etiam

272 2879 391 2949 doleat
409 2878 500 2970 quis,
516 2877 648 2967 jaceat,
665 2873 879 2944 lamentetur
899 2898 906 2941 :

486 3093 580 3151 Dulce
594 3101 622 3150 et
636 3094 781 3151 decorum
798 3100 841 3148 est
852 3111 913 3166 pro
924 3094 1032 3166 patrm
1048 3096 1138 3157 nimi.

273 3407 402 3477 magno
416 3385 570 3455 adsensu
584 3408 702 3455 eaveae
716 3385 802 3455 dixit
821 3394 924 3479 poeta
938 3387 1140 3458 Venusinus
1157 3416 1163 3458 :
1187 3391 1249 3459 sed
1264 3395 1351 3461 mori

272 3526 372 3606 dixit,
398 3549 466 3595 non
495 3525 592 3596 flere.
615 3527 669 3595 Ita
687 3526 779 3595 enim
798 3549 876 3596 esse
895 3526 977 3595 boni
999 3527 1094 3597 cives
1112 3528 1292 3612 debemus,
1314 3547 1351 3603 ut

272 3667 379 3737 etiam
399 3667 480 3736 boni
502 3666 567 3735 viri
586 3666 709 3736 simus.
726 3689 813 3759 quos
831 3666 1003 3747 exuimus,
1020 3691 1098 3737 eum
1117 3670 1152 3737 in
1171 3669 1301 3741 luctum
1315 3682 1350 3743 et

271 3803 426 3872 lamenta
444 3804 636 3874 transimus
654 3827 843 3896 puerorum
858 3813 919 3875 aut
938 3805 1134 3876 mulierum.
