3262 5190
726 498 910 561 -am-

277 689 348 762 tus,
380 680 463 772 angi
489 702 639 773 semper,
672 681 856 774 poenitere.
890 687 1045 752 metuere
1077 707 1083 752 :
1115 682 1241 774 quibus
1269 707 1356 755 cave

279 841 461 911 compares
479 817 617 888 eculeos
635 817 739 900 ullos,
760 817 934 900 fidiculas,
952 841 1074 890 uncos.

709 1209 814 1283 CAP.
843 1211 925 1282 XV.

276 1468 389 1530 Poeuuu
406 1469 497 1531 etium
518 1469 683 1530 Postumus
704 1486 826 1530 munere
852 1467 1009 1548 improbos.
1038 1473 1066 1529 et
1088 1468 1269 1548 plerumque
1295 1467 1356 1527 imo

295 1591 377 1669 ipsus
386 1589 545 1652 deterius
560 1611 568 1648 :
584 1607 649 1668 qua
661 1590 805 1670 ademptis
821 1589 939 1666 aliquot
954 1587 1130 1650 illustribus
1144 1587 1331 1664 adfirmata.
1347 1675 1350 1680 ¹

325 1828 425 1898 Adde
449 1829 524 1921 jam
550 1828 618 1898 huc
645 1829 835 1898 Postumas
858 1825 940 1896 illas
963 1832 999 1896 et
1031 1832 1190 1895 aelernas'
1213 1845 1351 1916 poenas

276 1972 404 2060 quase
429 1965 545 2036 media
566 1965 762 2057 Theologia
786 1964 946 2057 posuisse
973 1963 1057 2033 mihi
1081 1963 1169 2033 satis
1195 1963 1253 2044 sit,
1280 1985 1352 2032 non

273 2105 459 2176 evolvisse.
481 2103 583 2174 Adde
602 2103 707 2174 eliam
727 2103 917 2174 Externas.
939 2124 1018 2195 quae
1037 2109 1154 2172 tamen
1174 2102 1204 2172 si
1222 2100 1351 2182 desint,

276 2267 354 2314 cum
380 2242 516 2336 priores
540 2242 611 2312 illae
634 2241 846 2332 irrogenter,
876 2241 955 2334 quis
974 2241 1154 2311 eoeleslem
1171 2241 1192 2310 J
1198 2239 1352 2310 ustitiam

269 2381 365 2474 juste
379 2382 515 2474 culpetl
533 2381 581 2451 Al
598 2404 668 2450 nou
686 2380 824 2452 desunt.
845 2402 910 2450 nee
923 2379 1052 2450 lactum
1074 2402 1228 2472 unquam
1246 2377 1353 2472 (uerte

277 2520 370 2612 rare)
384 2520 465 2612 quin
479 2532 600 2612 aperte
614 2519 753 2589 scelesti
764 2527 799 2589 et
812 2518 961 2590 aliorum
976 2542 1217 2612 oppressores
1231 2540 1353 2612 poenas

275 2659 358 2730 item
389 2659 518 2730 luerint
548 2657 757 2751 spectabiles
788 2665 823 2729 el
857 2667 1013 2751 apertas.
1048 2658 1108 2728 alii
1137 2658 1253 2738 eitius,
1292 2655 1352 2726 alii

275 2798 413 2869 serius:
437 2798 495 2869 alii
514 2798 549 2868 in
569 2821 619 2879 se,
641 2797 702 2867 alii
719 2796 753 2866 in
773 2797 859 2867 suis.

326 3231 437 3300 Vides
456 3238 491 3301 et
505 3230 676 3322 quaereris
691 3230 898 3324 Dionysium
913 3229 1011 3300 illum
1026 3229 1061 3300 in
1073 3229 1347 3321 Siciliastupra,

274 3370 431 3464 rapinas,
469 3369 598 3451 caedes,
627 3369 757 3440 multus
788 3393 900 3442 annos
936 3371 1077 3464 impune
1107 3371 1350 3441 exercenteml

272 3509 430 3604 paullum
443 3509 591 3592 sustine,
608 3509 744 3580 videbis
764 3510 924 3580 eumdem
944 3532 1023 3578 mox
1041 3509 1220 3591 infamem,
1237 3515 1351 3578 extor-

274 3672 360 3729 rem,
378 3649 530 3741 inopem,
547 3651 721 3740 asceptro
736 3647 825 3740 (quis
843 3647 997 3741 credall)
1015 3648 1060 3718 ad
1078 3647 1228 3718 ferulam
1247 3646 1350 3717 devo·

272 3787 396 3856 lutum.
419 3785 482 3855 Ille
496 3806 635 3877 magnae
654 3785 779 3855 insulae
795 3808 869 3867 rex,
886 3786 1007 3856 ludum
1027 3784 1185 3857 Corinthi
1199 3783 1346 3878 aperiet,

273 3926 348 4017 ipse
366 3916 536 3995 Fortunae
554 3947 658 3995 verus
676 3923 794 3996 ludus.

324 4081 430 4150 Parte
449 4080 531 4162 aliu,
555 4079 759 4173 Pompeium
773 4079 809 4149 in
825 4080 1013 4152 Pharsalia
1026 4080 1118 4151 vinci
1135 4080 1345 4173 indignaris,

274 4229 308 4290 et
329 4220 520 4290 exereitum
546 4225 648 4313 paene
674 4220 867 4292 eSenatul
892 4221 1015 4292 ludere
1039 4229 1074 4293 et
1098 4221 1261 4293 lascivire
1284 4220 1348 4291 ali-
