3204 5174
631 900 632 903 ,
678 829 782 902 CAP.
810 831 932 902 XXV.

266 1063 426 1144 Pyrenaeis
441 1064 532 1126 etiam
548 1069 653 1127 oestro
668 1065 793 1128 elevato.
815 1071 932 1128 osterse
952 1084 985 1129 eo
1005 1066 1024 1128 d
1042 1070 1162 1130 rotare
1177 1066 1245 1130 sios
1265 1070 1369 1132 moli-

306 1187 351 1248 tio
371 1187 505 1248 lamnae
520 1203 589 1248 ssss.
607 1191 636 1248 et
649 1192 802 1264 reterens,
810 1188 1007 1268 internosque
1027 1189 1239 1269 oppressiones
1248 1193 1366 1270 fuisse

304 1310 387 1372 olim.

312 1531 472 1626 Denique
485 1499 728 1626 Tyrannidem
741 1529 848 1601 etiam
866 1530 971 1601 hodie
989 1529 1125 1623 culpas,
1147 1539 1183 1601 et
1200 1504 1357 1626 oppres-

263 1671 380 1742 siones
398 1693 586 1765 corporum
604 1679 710 1764 atque
728 1669 939 1742 animorum.
961 1670 1037 1741 Ncc
1055 1668 1243 1741 ambitiose
1264 1673 1355 1744 mihi

262 1833 355 1880 nunc
374 1809 552 1880 decretum
569 1810 733 1881 attollere
752 1831 867 1880 aevum
886 1814 1058 1888 nostrum,
1079 1805 1136 1877 vel
1156 1806 1356 1900 adfligere.

262 1947 318 2019 cui
336 1949 428 2019 enim
449 1949 564 2020 bonel
579 1949 657 2021 Hoc
682 1948 776 2044 quod
793 1948 839 2018 ad
858 1945 1165 2042 Comparationem
1184 1953 1353 2019 nostram

260 2088 358 2173 facit,
376 2088 504 2160 dicam.

311 2225 568 2306 Quando-mala
582 2226 749 2297 istanonl
765 2233 799 2297 et
813 2226 871 2296 ubi
887 2226 976 2296 noni
993 2223 1086 2296 Cedo
1097 2223 1183 2295 mihi
1197 2223 1352 2295 saeelum

261 2368 403 2461 aliquod
421 2367 497 2438 sine
514 2365 646 2456 insigni
661 2365 862 2457 tyrannide,
880 2365 965 2435 cedo
978 2371 1132 2457 gentem.
1152 2362 1191 2434 Si
1208 2372 1316 2457 potes
1339 2391 1346 2435 :

261 2504 397 2599 (subibo
416 2503 508 2573 enim
524 2501 713 2574 discrimen
726 2501 829 2594 hujus
843 2502 933 2574 aleae
951 2502 974 2596 z)
992 2525 1059 2595 ego
1077 2525 1216 2596 quoque
1234 2504 1362 2605 confi·-

260 2648 362 2719 tebor
381 2646 598 2719 miserrimos
624 2670 689 2718 nos
712 2645 934 2739 miserorum.
961 2644 1054 2722 Quid
1071 2646 1188 2715 tacesi
1207 2646 1349 2718 Verum

260 2796 326 2870 est,
356 2794 393 2858 ut
423 2788 537 2868 video,
568 2787 655 2857 illud
681 2787 910 2880 diasyrticum
936 2792 1050 2866 vetus,
1079 2788 1206 2855 Omnes
1235 2788 1349 2855 boreos

258 2932 446 3014 Principes
462 2930 500 2993 in
518 2947 587 2993 uno
606 2930 736 2993 annulo
747 2946 848 3011 posse
864 2926 1050 3011 perscribi.
1074 2920 1222 2990 lnsitum
1238 2923 1346 2993 nimi-

260 3087 336 3133 rum
350 3063 512 3133 humanis
527 3060 690 3153 ingeniis
703 3060 848 3153 imperio
863 3062 1055 3132 insolenter
1070 3060 1139 3130 uti:
1159 3083 1224 3131 nec
1237 3061 1346 3134 facile

260 3200 399 3269 modum
414 3199 606 3268 servarein
626 3221 669 3268 ea
686 3221 724 3267 re
743 3221 822 3291 quae
836 3222 945 3291 supra
958 3200 1111 3271 modum.

308 3395 443 3466 Nosilli
458 3394 524 3489 ipsi
538 3394 595 3489 qui
610 3395 652 3466 de
667 3397 855 3490 tyrannide
868 3398 1058 3491 querimur,
1070 3398 1204 3469 semina
1216 3406 1347 3494 tyran-

260 3535 351 3606 nidis
370 3535 505 3606 inclusa
522 3534 559 3603 in
583 3540 723 3627 pectore
744 3541 925 3626 gestamus
955 3561 962 3606 :
989 3559 1053 3607 nec
1072 3536 1238 3608 voluntas
1266 3541 1345 3634 ple-

259 3675 376 3767 risque
394 3696 437 3744 ea
467 3672 633 3743 efferendi
665 3673 774 3753 deest,
804 3674 865 3743 sed
896 3674 1057 3747 facultas.
1080 3677 1235 3770 Serpens
1259 3704 1344 3752 curu

257 3812 389 3904 frigore
415 3819 544 3903 torpet,
574 3835 745 3882 venenum
771 3813 998 3886 nihilominus
1025 3817 1143 3898 habet,
1174 3818 1236 3887 sed
1266 3843 1343 3892 uon

258 3950 369 4019 exerit
392 3975 398 4019 :
422 3948 534 4018 simile
552 3948 588 4017 in
610 3949 725 4032 nobis,
748 3973 835 4043 quos
862 3950 938 4021 sola
956 3952 1177 4024 imbecillitas
1197 3963 1343 4028 arcetis

257 4089 413 4160 nocendo
422 4101 457 4159 et
466 4089 635 4159 Fortunae
646 4091 820 4182 quoddam
829 4091 954 4184 frigus.
965 4094 1020 4165 Da
1030 4095 1132 4176 vires,
1146 4093 1192 4164 da
1205 4094 1343 4169 instru-
