<?xml version="1.0" encoding="UTF-8"?>
<!DOCTYPE html PUBLIC "-//W3C//DTD XHTML 1.0 Transitional//EN"
    "http://www.w3.org/TR/xhtml1/DTD/xhtml1-transitional.dtd">
<html xmlns="http://www.w3.org/1999/xhtml" xml:lang="en" lang="en">
 <head>
  <title>
</title>
<meta http-equiv="Content-Type" content="text/html;charset=utf-8" />
  <meta name='ocr-system' content='tesseract 3.04.00' />
  <meta name='ocr-capabilities' content='ocr_page ocr_carea ocr_par ocr_line ocrx_word'/>
</head>
<body>
  <div class='ocr_page' id='page_1' title='image "./traitdelaconsta00boisgoog_0227.png"; bbox 0 0 3262 5190; ppageno 0'>
   <div class='ocr_carea' id='block_1_1' title="bbox 698 803 933 876">
    <p class='ocr_par' dir='ltr' id='par_1_1' title="bbox 698 803 933 876">
     <span class='ocr_line' id='line_1_1' title="bbox 698 803 933 876; baseline 0.009 -2"><span class='ocrx_word' id='word_1_1' title='bbox 698 803 802 876; x_wconf 80' lang='lat' dir='ltr'><strong>CAP.</strong></span> <span class='ocrx_word' id='word_1_2' title='bbox 832 805 933 876; x_wconf 87' lang='lat' dir='ltr'><strong>XVI.</strong></span> 
     </span>
    </p>
   </div>
   <div class='ocr_carea' id='block_1_2' title="bbox 277 1013 1358 1464">
    <p class='ocr_par' dir='ltr' id='par_1_2' title="bbox 277 1013 1358 1464">
     <span class='ocr_line' id='line_1_2' title="bbox 277 1013 1357 1095; baseline 0.004 -21"><span class='ocrx_word' id='word_1_3' title='bbox 277 1013 431 1095; x_wconf 71' lang='lat' dir='ltr'>Eaempta</span> <span class='ocrx_word' id='word_1_4' title='bbox 442 1015 616 1078; x_wconf 77' lang='lat' dir='ltr'>necessaria</span> <span class='ocrx_word' id='word_1_5' title='bbox 631 1018 814 1078; x_wconf 73' lang='lat' dir='ltr'><em>mutationis</em></span> <span class='ocrx_word' id='word_1_6' title='bbox 826 1022 882 1078; x_wconf 82' lang='lat' dir='ltr'>ant</span> <span class='ocrx_word' id='word_1_7' title='bbox 892 1019 1002 1080; x_wconf 78' lang='lat' dir='ltr'>mortis</span> <span class='ocrx_word' id='word_1_8' title='bbox 1016 1019 1050 1080; x_wconf 84' lang='lat' dir='ltr'>in</span> <span class='ocrx_word' id='word_1_9' title='bbox 1065 1023 1126 1081; x_wconf 85' lang='lat' dir='ltr'>tata</span> <span class='ocrx_word' id='word_1_10' title='bbox 1140 1018 1225 1080; x_wconf 79' lang='lat' dir='ltr'>Orba.</span> <span class='ocrx_word' id='word_1_11' title='bbox 1243 1017 1357 1081; x_wconf 79' lang='lat' dir='ltr'>Catum</span> 
     </span>
     <span class='ocr_line' id='line_1_3' title="bbox 318 1137 1358 1222; baseline 0.005 -25"><span class='ocrx_word' id='word_1_12' title='bbox 318 1141 347 1198; x_wconf 79' lang='lat' dir='ltr'>et</span> <span class='ocrx_word' id='word_1_13' title='bbox 366 1137 511 1200; x_wconf 79' lang='lat' dir='ltr'>elementa</span> <span class='ocrx_word' id='word_1_14' title='bbox 530 1141 673 1216; x_wconf 77' lang='lat' dir='ltr'>converti,</span> <span class='ocrx_word' id='word_1_15' title='bbox 698 1141 867 1219; x_wconf 73' lang='lat' dir='ltr'>aliquando</span> <span class='ocrx_word' id='word_1_16' title='bbox 890 1141 1073 1218; x_wconf 79' lang='lat' dir='ltr'>interitura,</span> <span class='ocrx_word' id='word_1_17' title='bbox 1098 1142 1179 1203; x_wconf 81' lang='lat' dir='ltr'>idem</span> <span class='ocrx_word' id='word_1_18' title='bbox 1191 1143 1225 1203; x_wconf 83' lang='lat' dir='ltr'>in</span> <span class='ocrx_word' id='word_1_19' title='bbox 1240 1142 1358 1222; x_wconf 77' lang='lat' dir='ltr'>oppidis</span> 
     </span>
     <span class='ocr_line' id='line_1_4' title="bbox 317 1261 1355 1344; baseline 0.004 -24"><span class='ocrx_word' id='word_1_20' title='bbox 317 1261 461 1338; x_wconf 77' lang='lat' dir='ltr'>spectari,</span> <span class='ocrx_word' id='word_1_21' title='bbox 474 1263 506 1322; x_wconf 85' lang='lat' dir='ltr'>ia</span> <span class='ocrx_word' id='word_1_22' title='bbox 518 1262 744 1342; x_wconf 67' lang='grc' dir='ltr'>0000100110,οί</span> <span class='ocrx_word' id='word_1_23' title='bbox 764 1263 878 1342; x_wconf 66' lang='lat' dir='ltr'>reatris.</span> <span class='ocrx_word' id='word_1_24' title='bbox 891 1263 1028 1342; x_wconf 75' lang='lat' dir='ltr'>Denique</span> <span class='ocrx_word' id='word_1_25' title='bbox 1040 1281 1155 1344; x_wconf 63' lang='lat' dir='ltr'>narare</span> <span class='ocrx_word' id='word_1_26' title='bbox 1177 1265 1226 1326; x_wconf 82' lang='lat' dir='ltr'>tia</span> <span class='ocrx_word' id='word_1_27' title='bbox 1243 1264 1355 1341; x_wconf 86' lang='lat' dir='ltr'>omnia,</span> 
     </span>
     <span class='ocr_line' id='line_1_5' title="bbox 316 1385 882 1464; baseline -0.002 -18"><span class='ocrx_word' id='word_1_28' title='bbox 316 1402 369 1447; x_wconf 77' lang='lat' dir='ltr'>aar</span> <span class='ocrx_word' id='word_1_29' title='bbox 379 1385 548 1464; x_wconf 77' lang='lat' dir='ltr'>quidquam</span> <span class='ocrx_word' id='word_1_30' title='bbox 558 1386 667 1448; x_wconf 78' lang='lat' dir='ltr'>stabile</span> <span class='ocrx_word' id='word_1_31' title='bbox 677 1387 882 1464; x_wconf 79' lang='lat' dir='ltr'>autflrmam.</span> 
     </span>
    </p>
   </div>
   <div class='ocr_carea' id='block_1_3' title="bbox 324 1592 1351 1711">
    <p class='ocr_par' dir='ltr' id='par_1_3' title="bbox 324 1592 1351 1711">
     <span class='ocr_line' id='line_1_6' title="bbox 324 1592 1351 1711; baseline 0.001 -33"><span class='ocrx_word' id='word_1_32' title='bbox 324 1607 493 1680; x_wconf 78' lang='lat' dir='ltr'>AEruuun</span> <span class='ocrx_word' id='word_1_33' title='bbox 518 1608 574 1680; x_wconf 88' lang='lat' dir='ltr'>lex</span> <span class='ocrx_word' id='word_1_34' title='bbox 601 1614 622 1680; x_wconf 80' lang='lat' dir='ltr'>a</span> <span class='ocrx_word' id='word_1_35' title='bbox 644 1609 816 1704; x_wconf 88' lang='lat' dir='ltr'>principio</span> <span class='ocrx_word' id='word_1_36' title='bbox 844 1592 938 1711; x_wconf 88' lang='lat' dir='ltr'>dicta</span> <span class='ocrx_word' id='word_1_37' title='bbox 961 1609 1055 1682; x_wconf 91' lang='lat' dir='ltr'>omni</span> <span class='ocrx_word' id='word_1_38' title='bbox 1089 1609 1171 1680; x_wconf 88' lang='lat' dir='ltr'>huic</span> <span class='ocrx_word' id='word_1_39' title='bbox 1201 1609 1351 1690; x_wconf 87' lang='lat' dir='ltr'>Mundo,</span> 
     </span>
    </p>
   </div>
   <div class='ocr_carea' id='block_1_4' title="bbox 274 1747 1356 1985">
    <p class='ocr_par' dir='ltr' id='par_1_4' title="bbox 274 1747 1356 1985">
     <span class='ocr_line' id='line_1_7' title="bbox 276 1747 1356 1845; baseline 0.003 -29"><span class='ocrx_word' id='word_1_40' title='bbox 276 1747 386 1830; x_wconf 85' lang='lat' dir='ltr'>nasci,</span> <span class='ocrx_word' id='word_1_41' title='bbox 403 1747 559 1832; x_wconf 87' lang='lat' dir='ltr'>deuasci‚</span> <span class='ocrx_word' id='word_1_42' title='bbox 578 1751 678 1834; x_wconf 82' lang='lat' dir='ltr'>oriri,</span> <span class='ocrx_word' id='word_1_43' title='bbox 692 1751 825 1823; x_wconf 87' lang='lat' dir='ltr'>aboriri</span> <span class='ocrx_word' id='word_1_44' title='bbox 844 1774 851 1820; x_wconf 91' lang='lat'><strong>:</strong></span> <span class='ocrx_word' id='word_1_45' title='bbox 870 1773 934 1822; x_wconf 90' lang='grc'>000</span> <span class='ocrx_word' id='word_1_46' title='bbox 947 1750 1137 1845; x_wconf 84' lang='lat' dir='ltr'>quidquam</span> <span class='ocrx_word' id='word_1_47' title='bbox 1152 1749 1279 1821; x_wconf 87' lang='lat' dir='ltr'>stabile</span> <span class='ocrx_word' id='word_1_48' title='bbox 1294 1757 1356 1820; x_wconf 88' lang='lat' dir='ltr'>aut</span> 
     </span>
     <span class='ocr_line' id='line_1_8' title="bbox 274 1887 1351 1985; baseline 0.002 -29"><span class='ocrx_word' id='word_1_49' title='bbox 274 1887 414 1960; x_wconf 88' lang='lat' dir='ltr'>firmum</span> <span class='ocrx_word' id='word_1_50' title='bbox 437 1889 571 1962; x_wconf 77' lang='lat' dir='ltr'>arbiter</span> <span class='ocrx_word' id='word_1_51' title='bbox 592 1890 651 1962; x_wconf 91' lang='lat' dir='ltr'>ille</span> <span class='ocrx_word' id='word_1_52' title='bbox 676 1915 793 1963; x_wconf 88' lang='lat' dir='ltr'>rerum</span> <span class='ocrx_word' id='word_1_53' title='bbox 821 1915 900 1965; x_wconf 87' lang='lat' dir='ltr'>esse</span> <span class='ocrx_word' id='word_1_54' title='bbox 922 1891 1045 1974; x_wconf 84' lang='lat' dir='ltr'>voluit,</span> <span class='ocrx_word' id='word_1_55' title='bbox 1067 1897 1199 1985; x_wconf 89' lang='lat' dir='ltr'>praeter</span> <span class='ocrx_word' id='word_1_56' title='bbox 1223 1890 1351 1983; x_wconf 89' lang='lat' dir='ltr'>ipsum.</span> 
     </span>
    </p>
   </div>
   <div class='ocr_carea' id='block_1_5' title="bbox 455 2085 990 2273">
    <p class='ocr_par' dir='ltr' id='par_1_5' title="bbox 455 2085 990 2273">
     <span class='ocr_line' id='line_1_9' title="bbox 517 2085 876 2160; baseline -0.008 -18"><span class='ocrx_word' id='word_1_57' title='bbox 517 2127 577 2143; x_wconf 90' lang='grc'><strong>.....</strong></span> <span class='ocrx_word' id='word_1_58' title='bbox 600 2085 699 2159; x_wconf 79' lang='grc' dir='ltr'>μόνοις,</span> <span class='ocrx_word' id='word_1_59' title='bbox 714 2085 746 2140; x_wconf 80' lang='grc' dir='ltr'>οὐ</span> <span class='ocrx_word' id='word_1_60' title='bbox 759 2085 876 2160; x_wconf 74' lang='grc' dir='ltr'>γὶγυεται</span> 
     </span>
     <span class='ocr_line' id='line_1_10' title="bbox 455 2166 990 2273; baseline 0.004 -22"><span class='ocrx_word' id='word_1_61' title='bbox 455 2191 546 2251; x_wconf 79' lang='grc' dir='ltr'><strong>Θεοῖσι</strong></span> <span class='ocrx_word' id='word_1_62' title='bbox 564 2166 659 2273; x_wconf 53' lang='lat' dir='ltr'>ruinae.</span> <span class='ocrx_word' id='word_1_63' title='bbox 676 2193 737 2252; x_wconf 70' lang='grc' dir='ltr'>οὐδὲ</span> <span class='ocrx_word' id='word_1_64' title='bbox 748 2196 800 2271; x_wconf 72' lang='grc' dir='ltr'>μήν</span> <span class='ocrx_word' id='word_1_65' title='bbox 815 2197 900 2252; x_wconf 75' lang='grc' dir='ltr'>θανεῖν</span> <span class='ocrx_word' id='word_1_66' title='bbox 914 2216 990 2254; x_wconf 83' lang='grc' dir='ltr'>ποτε.</span> 
     </span>
    </p>
   </div>
   <div class='ocr_carea' id='block_1_6' title="bbox 455 2301 1137 2383">
    <p class='ocr_par' dir='ltr' id='par_1_6' title="bbox 455 2301 1137 2383">
     <span class='ocr_line' id='line_1_11' title="bbox 455 2301 1137 2383; baseline 0.003 -24"><span class='ocrx_word' id='word_1_67' title='bbox 455 2303 495 2360; x_wconf 77' lang='grc' dir='ltr'>Τὰ</span> <span class='ocrx_word' id='word_1_68' title='bbox 515 2301 537 2359; x_wconf 87' lang='grc' dir='ltr'>δ’</span> <span class='ocrx_word' id='word_1_69' title='bbox 553 2302 621 2361; x_wconf 72' lang='grc' dir='ltr'>ἄλλα</span> <span class='ocrx_word' id='word_1_70' title='bbox 641 2305 737 2383; x_wconf 76' lang='grc' dir='ltr'>συγχεῖ</span> <span class='ocrx_word' id='word_1_71' title='bbox 750 2303 851 2361; x_wconf 63' lang='grc' dir='ltr'>πάνθ’ὅν</span> <span class='ocrx_word' id='word_1_72' title='bbox 871 2309 1027 2382; x_wconf 70' lang='grc' dir='ltr'>πκγκρατὴς</span> <span class='ocrx_word' id='word_1_73' title='bbox 1048 2306 1137 2382; x_wconf 62' lang='grc' dir='ltr'>χρόνω</span> 
     </span>
    </p>
   </div>
   <div class='ocr_carea' id='block_1_7' title="bbox 1047 2327 1067 2382">
    <p class='ocr_par' dir='ltr' id='par_1_7' title="bbox 1047 2327 1067 2382">
     <span class='ocr_line' id='line_1_12' title="bbox 1047 2327 1053 2336; baseline 0 0"><span class='ocrx_word' id='word_1_74' title='bbox 1047 2327 1053 2336; x_wconf 87' lang='grc' dir='ltr'>ι</span> 
     </span>
     <span class='ocr_line' id='line_1_13' title="bbox 1058 2372 1067 2382; baseline 0 0"><span class='ocrx_word' id='word_1_75' title='bbox 1058 2372 1067 2382; x_wconf 72' lang='grc' dir='ltr'>νε</span> 
     </span>
    </p>
   </div>
   <div class='ocr_carea' id='block_1_8' title="bbox 275 2512 1352 2866">
    <p class='ocr_par' dir='ltr' id='par_1_8' title="bbox 275 2512 1352 2866">
     <span class='ocr_line' id='line_1_14' title="bbox 276 2512 1349 2608; baseline 0.002 -26"><span class='ocrx_word' id='word_1_76' title='bbox 276 2513 451 2584; x_wconf 81' lang='lat' dir='ltr'>exclamat</span> <span class='ocrx_word' id='word_1_77' title='bbox 480 2514 654 2606; x_wconf 85' lang='lat' dir='ltr'>Tragieus</span> <span class='ocrx_word' id='word_1_78' title='bbox 685 2523 797 2586; x_wconf 85' lang='lat' dir='ltr'>vates.</span> <span class='ocrx_word' id='word_1_79' title='bbox 828 2514 957 2586; x_wconf 90' lang='lat' dir='ltr'>Omnia</span> <span class='ocrx_word' id='word_1_80' title='bbox 987 2514 1057 2585; x_wconf 87' lang='lat' dir='ltr'>ista</span> <span class='ocrx_word' id='word_1_81' title='bbox 1083 2536 1162 2608; x_wconf 88' lang='lat' dir='ltr'>quae</span> <span class='ocrx_word' id='word_1_82' title='bbox 1185 2512 1349 2607; x_wconf 83' lang='lat' dir='ltr'>suspicis,</span> 
     </span>
     <span class='ocr_line' id='line_1_15' title="bbox 277 2653 1352 2746; baseline 0.001 -23"><span class='ocrx_word' id='word_1_83' title='bbox 277 2676 356 2746; x_wconf 87' lang='lat' dir='ltr'>quae</span> <span class='ocrx_word' id='word_1_84' title='bbox 376 2654 527 2736; x_wconf 88' lang='lat' dir='ltr'>miraris,</span> <span class='ocrx_word' id='word_1_85' title='bbox 558 2653 693 2726; x_wconf 88' lang='lat' dir='ltr'>vicibus</span> <span class='ocrx_word' id='word_1_86' title='bbox 711 2653 784 2724; x_wconf 86' lang='lat' dir='ltr'>suis</span> <span class='ocrx_word' id='word_1_87' title='bbox 804 2659 866 2724; x_wconf 88' lang='lat' dir='ltr'>aut</span> <span class='ocrx_word' id='word_1_88' title='bbox 884 2660 1044 2746; x_wconf 85' lang='lat' dir='ltr'>pereunt,</span> <span class='ocrx_word' id='word_1_89' title='bbox 1073 2661 1136 2725; x_wconf 89' lang='lat' dir='ltr'>aut</span> <span class='ocrx_word' id='word_1_90' title='bbox 1160 2660 1254 2725; x_wconf 87' lang='lat' dir='ltr'>certe</span> <span class='ocrx_word' id='word_1_91' title='bbox 1277 2677 1352 2724; x_wconf 89' lang='lat' dir='ltr'>mu-</span> 
     </span>
     <span class='ocr_line' id='line_1_16' title="bbox 275 2800 407 2866; baseline 0.015 -2"><span class='ocrx_word' id='word_1_92' title='bbox 275 2800 407 2866; x_wconf 88' lang='lat' dir='ltr'>tantur.</span> 
     </span>
    </p>
   </div>
   <div class='ocr_carea' id='block_1_9' title="bbox 181 2973 1353 4316">
    <p class='ocr_par' dir='ltr' id='par_1_9' title="bbox 181 2973 1353 4316">
     <span class='ocr_line' id='line_1_17' title="bbox 326 2973 1353 3050; baseline -0.002 -4"><span class='ocrx_word' id='word_1_93' title='bbox 326 2975 443 3046; x_wconf 87' lang='lat' dir='ltr'>Solem</span> <span class='ocrx_word' id='word_1_94' title='bbox 461 2975 559 3047; x_wconf 89' lang='lat' dir='ltr'>illum</span> <span class='ocrx_word' id='word_1_95' title='bbox 573 2976 691 3048; x_wconf 81' lang='lat' dir='ltr'>videsi</span> <span class='ocrx_word' id='word_1_96' title='bbox 711 2977 839 3050; x_wconf 87' lang='lat' dir='ltr'>deficit.</span> <span class='ocrx_word' id='word_1_97' title='bbox 862 2979 1022 3049; x_wconf 78' lang='lat' dir='ltr'>Lunamt</span> <span class='ocrx_word' id='word_1_98' title='bbox 1038 2977 1177 3048; x_wconf 84' lang='lat' dir='ltr'>laborat</span> <span class='ocrx_word' id='word_1_99' title='bbox 1191 2982 1226 3046; x_wconf 91' lang='lat' dir='ltr'>et</span> <span class='ocrx_word' id='word_1_100' title='bbox 1238 2973 1353 3045; x_wconf 89' lang='lat' dir='ltr'>tabes·</span> 
     </span>
     <span class='ocr_line' id='line_1_18' title="bbox 275 3111 1352 3186; baseline 0.004 -6"><span class='ocrx_word' id='word_1_101' title='bbox 275 3111 334 3183; x_wconf 86' lang='lat' dir='ltr'>eit.</span> <span class='ocrx_word' id='word_1_102' title='bbox 357 3111 503 3183; x_wconf 77' lang='lat' dir='ltr'>Siderei</span> <span class='ocrx_word' id='word_1_103' title='bbox 519 3113 686 3184; x_wconf 87' lang='lat' dir='ltr'>labuntur</span> <span class='ocrx_word' id='word_1_104' title='bbox 699 3121 734 3185; x_wconf 89' lang='lat' dir='ltr'>et</span> <span class='ocrx_word' id='word_1_105' title='bbox 748 3114 889 3186; x_wconf 87' lang='lat' dir='ltr'>cadunt.</span> <span class='ocrx_word' id='word_1_106' title='bbox 908 3116 954 3186; x_wconf 85' lang='lat' dir='ltr'>Et</span> <span class='ocrx_word' id='word_1_107' title='bbox 973 3122 1011 3186; x_wconf 89' lang='grc'>01</span> <span class='ocrx_word' id='word_1_108' title='bbox 1028 3114 1121 3185; x_wconf 90' lang='lat' dir='ltr'>velet</span> <span class='ocrx_word' id='word_1_109' title='bbox 1134 3121 1196 3184; x_wconf 88' lang='lat' dir='ltr'>aut</span> <span class='ocrx_word' id='word_1_110' title='bbox 1209 3119 1352 3185; x_wconf 83' lang='lat' dir='ltr'>excuset</span> 
     </span>
     <span class='ocr_line' id='line_1_19' title="bbox 274 3248 1351 3342; baseline 0.001 -23"><span class='ocrx_word' id='word_1_111' title='bbox 274 3248 352 3319; x_wconf 85' lang='lat' dir='ltr'>haee</span> <span class='ocrx_word' id='word_1_112' title='bbox 381 3250 561 3342; x_wconf 84' lang='lat' dir='ltr'><strong>ingenium</strong></span> <span class='ocrx_word' id='word_1_113' title='bbox 587 3251 778 3322; x_wconf 88' lang='lat' dir='ltr'>humanum</span> <span class='ocrx_word' id='word_1_114' title='bbox 807 3279 814 3323; x_wconf 92' lang='lat'>:</span> <span class='ocrx_word' id='word_1_115' title='bbox 843 3276 992 3324; x_wconf 87' lang='lat' dir='ltr'>evenere</span> <span class='ocrx_word' id='word_1_116' title='bbox 1018 3260 1135 3324; x_wconf 88' lang='lat' dir='ltr'>tamen</span> <span class='ocrx_word' id='word_1_117' title='bbox 1160 3250 1351 3322; x_wconf 82' lang='lat' dir='ltr'>incoelesti</span> 
     </span>
     <span class='ocr_line' id='line_1_20' title="bbox 274 3387 1350 3486; baseline 0.004 -29"><span class='ocrx_word' id='word_1_118' title='bbox 274 3387 334 3458; x_wconf 93' lang='grc'>1110</span> <span class='ocrx_word' id='word_1_119' title='bbox 366 3411 511 3483; x_wconf 89' lang='lat' dir='ltr'>corpore</span> <span class='ocrx_word' id='word_1_120' title='bbox 545 3397 581 3461; x_wconf 89' lang='lat' dir='ltr'>et</span> <span class='ocrx_word' id='word_1_121' title='bbox 614 3391 789 3473; x_wconf 85' lang='lat' dir='ltr'>evenient,</span> <span class='ocrx_word' id='word_1_122' title='bbox 828 3415 907 3486; x_wconf 88' lang='lat' dir='ltr'>quae</span> <span class='ocrx_word' id='word_1_123' title='bbox 940 3390 1201 3463; x_wconf 84' lang='lat' dir='ltr'>Mathematieis</span> <span class='ocrx_word' id='word_1_124' title='bbox 1237 3390 1350 3483; x_wconf 86' lang='lat' dir='ltr'>legem</span> 
     </span>
     <span class='ocr_line' id='line_1_21' title="bbox 181 3528 1350 3622; baseline 0.002 -28"><span class='ocrx_word' id='word_1_125' title='bbox 181 3566 193 3594; x_wconf 53' lang='grc' dir='ltr'><em>ι</em></span> <span class='ocrx_word' id='word_1_126' title='bbox 273 3551 413 3599; x_wconf 91' lang='lat' dir='ltr'>omnem</span> <span class='ocrx_word' id='word_1_127' title='bbox 441 3528 608 3622; x_wconf 77' lang='lat' dir='ltr'>frangant</span> <span class='ocrx_word' id='word_1_128' title='bbox 629 3537 665 3601; x_wconf 91' lang='grc'>01</span> <span class='ocrx_word' id='word_1_129' title='bbox 690 3537 855 3602; x_wconf 88' lang='lat' dir='ltr'>mentem.</span> <span class='ocrx_word' id='word_1_130' title='bbox 886 3530 1050 3601; x_wconf 83' lang='lat' dir='ltr'>Cametas</span> <span class='ocrx_word' id='word_1_131' title='bbox 1081 3529 1216 3611; x_wconf 84' lang='lat' dir='ltr'>omitte,</span> <span class='ocrx_word' id='word_1_132' title='bbox 1251 3528 1350 3599; x_wconf 89' lang='lat' dir='ltr'>varia</span> 
     </span>
     <span class='ocr_line' id='line_1_22' title="bbox 272 3667 1350 3763; baseline -0.001 -25"><span class='ocrx_word' id='word_1_133' title='bbox 272 3667 398 3751; x_wconf 84' lang='lat' dir='ltr'>forma,</span> <span class='ocrx_word' id='word_1_134' title='bbox 415 3668 514 3739; x_wconf 87' lang='lat' dir='ltr'>vario</span> <span class='ocrx_word' id='word_1_135' title='bbox 535 3668 618 3751; x_wconf 88' lang='lat' dir='ltr'>situ,</span> <span class='ocrx_word' id='word_1_136' title='bbox 644 3676 679 3740; x_wconf 89' lang='grc'>01</span> <span class='ocrx_word' id='word_1_137' title='bbox 696 3677 794 3741; x_wconf 91' lang='lat' dir='ltr'>motu</span> <span class='ocrx_word' id='word_1_138' title='bbox 822 3693 828 3737; x_wconf 92' lang='lat'>:</span> <span class='ocrx_word' id='word_1_139' title='bbox 850 3692 937 3763; x_wconf 88' lang='lat' dir='ltr'>quos</span> <span class='ocrx_word' id='word_1_140' title='bbox 957 3691 1078 3740; x_wconf 88' lang='lat' dir='ltr'>omnes</span> <span class='ocrx_word' id='word_1_141' title='bbox 1097 3669 1141 3739; x_wconf 89' lang='lat' dir='ltr'>ab</span> <span class='ocrx_word' id='word_1_142' title='bbox 1160 3676 1242 3739; x_wconf 75' lang='lat' dir='ltr'>aere</span> <span class='ocrx_word' id='word_1_143' title='bbox 1261 3676 1296 3739; x_wconf 91' lang='lat' dir='ltr'>et</span> <span class='ocrx_word' id='word_1_144' title='bbox 1314 3667 1350 3737; x_wconf 90' lang='lat' dir='ltr'>in</span> 
     </span>
     <span class='ocr_line' id='line_1_23' title="bbox 271 3806 1349 3904; baseline 0 -26"><span class='ocrx_word' id='word_1_145' title='bbox 271 3808 332 3878; x_wconf 90' lang='grc'>1110</span> <span class='ocrx_word' id='word_1_146' title='bbox 351 3831 441 3889; x_wconf 89' lang='lat' dir='ltr'>esse,</span> <span class='ocrx_word' id='word_1_147' title='bbox 462 3806 558 3878; x_wconf 90' lang='lat' dir='ltr'>haud</span> <span class='ocrx_word' id='word_1_148' title='bbox 576 3808 678 3880; x_wconf 81' lang='lat' dir='ltr'>facile</span> <span class='ocrx_word' id='word_1_149' title='bbox 696 3809 854 3902; x_wconf 87' lang='lat' dir='ltr'>imponat</span> <span class='ocrx_word' id='word_1_150' title='bbox 871 3809 956 3879; x_wconf 93' lang='lat' dir='ltr'>mihi</span> <span class='ocrx_word' id='word_1_151' title='bbox 975 3810 1143 3904; x_wconf 77' lang='lat' dir='ltr'>Lycaeum</span> <span class='ocrx_word' id='word_1_152' title='bbox 1161 3833 1168 3877; x_wconf 91' lang='lat'><strong>:</strong></span> <span class='ocrx_word' id='word_1_153' title='bbox 1190 3809 1252 3880; x_wconf 92' lang='lat' dir='ltr'>sed</span> <span class='ocrx_word' id='word_1_154' title='bbox 1270 3831 1349 3880; x_wconf 90' lang='grc'>0000</span> 
     </span>
     <span class='ocr_line' id='line_1_24' title="bbox 271 3946 1349 4043; baseline 0.001 -26"><span class='ocrx_word' id='word_1_155' title='bbox 271 3970 382 4041; x_wconf 88' lang='lat' dir='ltr'>nuper</span> <span class='ocrx_word' id='word_1_156' title='bbox 407 3947 586 4039; x_wconf 84' lang='lat' dir='ltr'>negotium</span> <span class='ocrx_word' id='word_1_157' title='bbox 613 3946 814 4041; x_wconf 80' lang='lat' dir='ltr'>Astrologis</span> <span class='ocrx_word' id='word_1_158' title='bbox 839 3949 954 4020; x_wconf 86' lang='lat' dir='ltr'>fecere</span> <span class='ocrx_word' id='word_1_159' title='bbox 973 3950 1054 4020; x_wconf 89' lang='lat' dir='ltr'>novi</span> <span class='ocrx_word' id='word_1_160' title='bbox 1072 3949 1215 4043; x_wconf 88' lang='lat' dir='ltr'>quidam</span> <span class='ocrx_word' id='word_1_161' title='bbox 1233 3954 1349 4018; x_wconf 90' lang='lat' dir='ltr'>motus</span> 
     </span>
     <span class='ocr_line' id='line_1_25' title="bbox 272 4086 1348 4179; baseline 0 -24"><span class='ocrx_word' id='word_1_162' title='bbox 272 4086 493 4179; x_wconf 84' lang='lat' dir='ltr'>deprehensi,</span> <span class='ocrx_word' id='word_1_163' title='bbox 524 4096 559 4157; x_wconf 87' lang='lat' dir='ltr'>et</span> <span class='ocrx_word' id='word_1_164' title='bbox 582 4110 683 4158; x_wconf 81' lang='lat' dir='ltr'>novae</span> <span class='ocrx_word' id='word_1_165' title='bbox 711 4087 837 4159; x_wconf 87' lang='lat' dir='ltr'>stellae.</span> <span class='ocrx_word' id='word_1_166' title='bbox 865 4088 969 4160; x_wconf 90' lang='lat' dir='ltr'>Sidus</span> <span class='ocrx_word' id='word_1_167' title='bbox 998 4095 1158 4159; x_wconf 82' lang='lat' dir='ltr'>exortum</span> <span class='ocrx_word' id='word_1_168' title='bbox 1183 4087 1250 4157; x_wconf 89' lang='lat' dir='ltr'>hoe</span> <span class='ocrx_word' id='word_1_169' title='bbox 1272 4086 1348 4178; x_wconf 90' lang='lat' dir='ltr'>ipso</span> 
     </span>
     <span class='ocr_line' id='line_1_26' title="bbox 272 4225 1345 4316; baseline 0.003 -21"><span class='ocrx_word' id='word_1_170' title='bbox 272 4248 383 4308; x_wconf 86' lang='lat' dir='ltr'>ann0;</span> <span class='ocrx_word' id='word_1_171' title='bbox 406 4225 503 4316; x_wconf 83' lang='lat' dir='ltr'>cujus</span> <span class='ocrx_word' id='word_1_172' title='bbox 517 4225 736 4298; x_wconf 86' lang='lat' dir='ltr'>incrementa</span> <span class='ocrx_word' id='word_1_173' title='bbox 749 4236 784 4298; x_wconf 91' lang='lat' dir='ltr'>et</span> <span class='ocrx_word' id='word_1_174' title='bbox 799 4229 1022 4300; x_wconf 84' lang='lat' dir='ltr'>decrementa</span> <span class='ocrx_word' id='word_1_175' title='bbox 1036 4228 1130 4301; x_wconf 87' lang='lat' dir='ltr'>clare</span> <span class='ocrx_word' id='word_1_176' title='bbox 1144 4228 1345 4299; x_wconf 88' lang='lat' dir='ltr'>observata.</span> 
     </span>
    </p>
   </div>
   <div class='ocr_carea' id='block_1_10' title="bbox 0 0 1636 5190">
    <p class='ocr_par' dir='ltr' id='par_1_10' title="bbox 0 0 1636 5190">
     <span class='ocr_line' id='line_1_27' title="bbox 0 0 1636 5190; baseline 0 4"><span class='ocrx_word' id='word_1_177' title='bbox 0 0 1636 5190; x_wconf 95' lang='lat' dir='ltr'> </span> 
     </span>
    </p>
   </div>
  </div>
 </body>
</html>
