3262 5190
728 508 764 519 -
789 471 910 535 aal-

282 678 360 751 quae
378 654 560 735 miramur,
577 659 612 724 et
626 674 704 746 quae
715 652 812 723 nulla
821 659 1017 745 temporum
1037 650 1147 722 series
1167 659 1228 721 aut
1241 640 1362 721 senec-

282 796 637 871 tusabolebit.Viridi
647 795 698 865 illi
708 796 897 890 Lycaeotot
906 792 1224 865 dissertationesde
1233 799 1363 864 natura

284 937 473 1018 debemus,
503 935 705 1024 umbriferae
729 933 949 1016 Academia,
980 934 1023 1004 de
1051 934 1225 1004 moribus:
1255 941 1290 1004 et
1320 957 1364 1003 ex

279 1075 462 1145 hortorum
480 1072 605 1167 spatiis
624 1071 742 1143 diffusi
765 1071 891 1142 uberes
910 1071 962 1142 illi
981 1071 1174 1164 Sapientiae
1184 1071 1256 1172 ‘rivi
1274 1094 1363 1164 quos

279 1215 444 1295 bibimus,
469 1221 503 1284 et
522 1213 581 1308 qui
598 1212 764 1283 soecunda
794 1212 924 1283 diluvic
948 1213 1068 1283 orbem
1087 1219 1194 1285 terrae
1213 1213 1362 1289 inunda-

279 1359 373 1423 runt.
403 1351 544 1423 Scilicet
559 1350 689 1422 attollit
719 1373 758 1421 se
783 1351 898 1443 magis
924 1350 1098 1445 erigitque
1122 1352 1167 1423 ad
1198 1351 1272 1424 alta
1293 1351 1362 1424 iste

279 1490 430 1571 animus,
451 1513 530 1561 cum
543 1489 634 1560 liber
652 1497 687 1559 et
701 1488 839 1559 solutus
853 1487 949 1559 videt
962 1489 1204 1560 suumcoelum
1225 1515 1232 1560 :
1256 1513 1359 1583 quam

278 1650 356 1698 cum
379 1627 509 1697 aedium
540 1635 602 1697 aut
632 1626 771 1697 urbium
799 1625 1000 1697 carceribus
1028 1634 1168 1697 tenetur
1188 1627 1357 1698 inclusus.

279 1763 347 1833 Hic
360 1763 444 1833 mihi
462 1786 525 1833 vos
538 1770 653 1856 politae
667 1764 876 1834 duraturum
890 1763 1033 1857 aliquod
1044 1785 1185 1835 carmen
1200 1764 1357 1858 pangite.

276 1903 334 1975 hic
347 1927 409 1975 vos
429 1904 578 1975 litterati
596 1903 814 1975 meditamini
842 1913 877 1975 et
894 1905 1051 1977 scribite.
1075 1905 1133 1977 hic
1155 1928 1219 1976 vos
1239 1905 1360 1976 Philo·

277 2039 379 2134 sophi
398 2041 440 2111 de
453 2040 724 2134 tranquillitate,
747 2041 791 2112 de
812 2041 1025 2125 constantia,
1044 2041 1087 2112 de
1105 2041 1179 2113 vita
1192 2049 1227 2113 et
1245 2048 1360 2112 morte

277 2151 469 2273 disputate.
490 2180 545 2250 En
564 2179 674 2273 Lipsi,
697 2202 776 2272 quac
798 2202 884 2251 vera
904 2180 1087 2250 hortorum
1105 2181 1182 2252 usio
1207 2188 1243 2252 et
1259 2180 1356 2252 finis.

276 2316 385 2387 otium
402 2316 559 2410 inquam,
581 2316 747 2399 secessio,
768 2317 963 2398 meditatio,
985 2318 1102 2400 lecti0,
1125 2318 1269 2412 scriptio
1292 2344 1299 2390 :
1322 2327 1358 2390 et
1439 2304 1442 2309 ’

277 2480 320 2528 ea
337 2464 455 2528 tamen
469 2456 587 2527 omnia
600 2456 695 2527 velut
708 2479 772 2550 per
784 2457 1027 2529 remissionem
1042 2466 1077 2530 et
1089 2459 1289 2553 perlusum.
1300 2460 1359 2531 -Ut

276 2597 442 2692 pictores,
463 2597 571 2689 longa
586 2595 780 2667 intentione
793 2597 978 2669 hebetatos
992 2599 1127 2670 oculos.
1149 2599 1195 2669 ad
1214 2599 1358 2694 specula

276 2739 439 2834 quaedam
457 2747 492 2810 et
508 2738 645 2810 virores
663 2738 834 2831 colligunt
859 2765 867 2811 z
889 2740 940 2811 sic
959 2764 1024 2812 nos
1044 2740 1101 2811 hic
1121 2741 1276 2811 animum
1295 2742 1356 2812 de-

274 2880 419 2962 fessum,
437 2887 499 2950 aut
512 2877 751 2949 aberrantem.

323 3501 370 3573 Et
395 3523 457 3572 cur
474 3502 582 3572 celem
607 3508 643 3573 te
661 3525 778 3573 meum
796 3481 1020 3575 institutum?
1040 3504 1230 3597 Pergulam
1253 3503 1351 3576 illam

273 3644 423 3737 topiario
443 3667 548 3738 opera
573 3644 691 3715 videsl
711 3645 799 3715 Haec
817 3646 1002 3716 Musarum
1020 3645 1106 3716 mihi
1133 3645 1258 3717 domus
1283 3654 1350 3727 est,

273 3785 351 3855 haec
377 3786 567 3879 Sapientiae
587 3808 674 3855 meae
693 3785 918 3879 gymnasium
944 3793 979 3856 et
995 3786 1177 3879 palaestra.
1197 3787 1274 3858 lllic
1290 3796 1352 3858 aut

273 3921 367 3991 scria
385 3945 583 4014 arcanaque
608 3922 759 3993 lectione
776 3931 897 4015 pectus
928 3922 1055 4015 impleo
1078 3949 1085 3992 :
1107 3930 1170 3994 aut
1193 3931 1351 3996 semente

165 4119 167 4123 ,
273 4057 424 4148 quadam
442 4059 567 4129 obsero
582 4059 753 4130 bonarum
771 4061 1037 4154 cogitationum.
1056 4063 1104 4135 Et
1122 4071 1160 4135 nt
1173 4065 1245 4135 tela
1259 4089 1353 4158 quae·

273 4191 354 4261 dam
368 4193 402 4263 in
415 4195 736 4277 armamentarium,
752 4197 802 4268 sic
820 4222 863 4268 ex
884 4198 927 4269 iis
945 4209 1125 4293 praecepta
1143 4203 1350 4274 inanimum
