3262 5190
724 452 846 518 *382
868 489 907 499 -

276 634 368 704 enim
387 634 524 728 culpam
552 633 665 726 ipsam
684 640 719 705 et
737 634 806 704 vim
825 634 899 727 ejus
918 634 1107 716 cernimus
1129 636 1191 705 sed
1210 644 1355 707 externa

275 775 436 869 quaedam
467 774 619 867 vestigia
650 775 815 846 admissae
847 785 882 847 et
906 776 979 869 jam
1007 775 1188 867 fugientis,
1223 774 1353 868 Optimi

275 937 370 1007 saepe
384 913 498 997 nobis
520 914 577 1008 qui
596 916 670 986 Deo
689 915 831 1009 pessimi
850 941 856 986 :
877 932 912 987 et
930 915 1048 1009 rejecti
1069 918 1204 996 contris,
1227 913 1284 1008 qui
1304 914 1354 984 illi

276 1051 391 1124 electi.

325 1291 458 1362 Claude
479 1291 601 1384 igitur,
624 1293 653 1362 si
673 1292 783 1386 sapis,
804 1294 847 1365 do
872 1294 1006 1365 moritis
1025 1301 1087 1365 aut
1112 1290 1296 1363 immeritis
1314 1312 1354 1360 os

273 1439 307 1503 et
323 1432 443 1503 oculos
461 1457 468 1503 τ
487 1454 624 1504 caussae
643 1440 716 1503 tam
730 1433 892 1505 obscuros
907 1457 977 1505 non
994 1434 1080 1505 beno
1094 1442 1355 1526 cognoscuntur

273 1573 316 1643 de
334 1572 452 1666 plano.

688 1854 793 1928 CAP.
822 1857 941 1930 XVII.
1021 1875 1024 1881 ’

272 2065 434 2146 Responsio
449 2067 489 2128 od
504 2066 694 2147 otjootiooom
712 2068 847 2145 tertiam,
862 2069 898 2129 do
908 2067 1006 2148 porois
1021 2066 1196 2128 translatis.
1210 2063 1354 2144 coemptis

311 2193 514 2251 oooostratom
539 2189 573 2249 iot
597 2190 690 2251 otiam
713 2190 796 2269 oport
814 2191 948 2252 tomioos
965 2190 1055 2268 fiori.
1080 2188 1153 2262 Qua
1171 2189 1224 2250 deo
1248 2191 1350 2249 trans·

312 2310 438 2373 totiooo's
466 2314 560 2393 tojos
587 2331 694 2376 caussa
718 2315 772 2376 sit.
803 2322 832 2376 ot
857 2316 1000 2392 otasoola
1028 2315 1094 2376 otia
1122 2315 1200 2376 satis
1228 2314 1353 2376 coriosa

314 2434 507 2497 subtilitatis.

322 2657 370 2728 At
388 2656 494 2729 tertia
519 2657 626 2729 etiam
649 2657 764 2730 offusa
782 2663 804 2729 t
825 2668 859 2731 to
880 2661 900 2730 J
907 2654 1041 2730 ustitiae'
1063 2659 1191 2730 nebula
1218 2659 1352 2729 abster-

273 2799 389 2890 genda
428 2806 495 2880 est,
530 2798 573 2870 de
604 2799 825 2872 Substitutis.
869 2802 1001 2870 Poenas
1037 2799 1143 2881 enim,
1177 2798 1350 2892 inquiunt,

272 2959 396 3030 parum
417 2935 513 3031 juste
535 2938 631 3008 Deus
650 2939 843 3009 transfert:
866 2947 901 3009 et
919 2937 1091 3031 majorum
1118 2937 1240 3030 culpas
1259 2937 1350 3007 male

272 3076 373 3147 luunt
387 3083 546 3170 nepotes.
569 3077 680 3148 Hom!
699 3077 795 3148 itane
813 3077 880 3148 hoc
900 3100 1027 3148 novum
1046 3083 1108 3148 aut
1124 3077 1273 3147 mirumt

323 3511 397 3581 lmo
416 3510 526 3605 miror
551 3532 617 3602 ego
643 3510 765 3581 mirari
789 3511 877 3582 istos
895 3510 1088 3582 miriones:
1115 3535 1192 3583 cum
1211 3512 1353 3583 cottidie

272 3650 341 3744 ipsi
363 3650 399 3720 id
425 3650 557 3722 saciant
577 3650 613 3720 in
633 3674 697 3721 sua
716 3658 825 3722 terra.
847 3651 924 3731 Dic,
943 3650 1059 3733 sodeS,
1085 3652 1256 3723 beneficia
1273 3676 1352 3746 quae

273 3789 318 3859 ob
327 3788 492 3860 virtutem
508 3793 529 3859 t
544 3789 709 3884 Principe
723 3789 916 3883 majoribus
932 3790 1027 3872 data,
1039 3812 1155 3861 nonne
1169 3797 1353 3862 transeunt

274 3927 319 3997 ad
343 3930 510 4021 nepotesi
535 3953 621 4000 sane
647 3937 846 4002 transeunt.
872 3954 937 4002 noo
954 3930 1058 4003 aliter
1078 3930 1113 4000 in
1136 3930 1275 4002 mulctis
1292 3939 1354 4002 aut

275 4066 402 4159 poenis,
425 4066 563 4160 opinor,
585 4091 664 4160 quae
689 4067 815 4138 iisdem
842 4067 1017 4160 impositae
1043 4069 1087 4139 ob
1112 4069 1240 4141 scelus,
1262 4069 1352 4140 Ecce

275 4206 309 4276 in
324 4207 574 4299 perduellionis
584 4216 646 4278 aut
663 4206 859 4301 majestatis
868 4207 1026 4290 crimine,
1037 4207 1224 4280 manifesti)
1242 4207 1301 4279 alii
1315 4207 1351 4278 in
