3262 5190
722 461 904 523 ..204-

275 642 370 714 mala
391 641 614 732 contagiouc;
642 639 778 710 alienus
802 639 945 710 morbus
968 638 1005 739 in
1032 638 1131 708 illurn
1156 644 1345 708 transeat:

274 802 374 860 neve,
396 778 489 871 quod
507 779 549 848 de
566 777 825 870 gladiatoribus
845 776 985 858 dicitur,
1011 799 1074 869 per
1091 775 1238 847 alterius
1255 776 1349 846 latus

273 919 349 1012 ipse
366 917 528 990 feriatur.
549 916 641 994 Quid
659 916 716 987 hic
733 914 900 1008 rigidum,
922 914 1039 995 sodes,
1060 923 1123 986 aut
1143 915 1291 984 duruml
1314 923 1350 986 et

200 1111 203 1119 .
273 1057 356 1128 talis
370 1056 484 1126 omnis
495 1054 676 1148 Sapientia
689 1060 762 1124 est:
776 1075 856 1147 quae
866 1052 987 1146 procul
1001 1053 1217 1124 intuentibus
1226 1075 1350 1124 severa

273 1202 309 1266 et
325 1194 452 1266 tetrica
464 1200 630 1287 apparet;
650 1216 730 1264 cum
747 1192 891 1286 propius
909 1193 1135 1274 successeris,
1155 1192 1258 1273 lenis,
1280 1192 1350 1263 cle-

273 1359 371 1407 mens
398 1334 585 1428 reperitur,
616 1341 651 1404 et
677 1354 747 1426 qua
771 1355 841 1402 non
868 1332 985 1403 mitior
1011 1339 1073 1404 aut
1097 1332 1243 1403 amicior
1271 1332 1350 1425 ipsa

271 1472 442 1544 Amorum
460 1471 540 1542 dea.

324 1707 393 1780 Sed
412 1707 499 1778 satis
513 1706 557 1778 de
574 1698 691 1778 tribus
706 1707 761 1778 his
779 1680 997 1778 Adfectibiis.
1020 1728 1108 1799 quos
1131 1706 1161 1776 si
1187 1705 1222 1775 in
1247 1713 1348 1798 parte

276 1846 336 1917 tibi
359 1845 503 1928 detorsi,
523 1866 691 1937 magnum
713 1845 798 1916 mihi
825 1846 871 1916 ad
897 1846 1068 1939 reliquam
1094 1867 1248 1938 pugnam
1275 1868 1348 1916 mo·

274 1992 443 2058 mentum.

693 2344 797 2416 CAH.
827 2345 929 2415 XIII.

275 2603 410 2666 Remotio
427 2602 598 2677 obstacula,
612 2607 733 2666 centum
750 2603 830 2664 acrio
843 2600 885 2664 ad
906 2601 1050 2663 elevanda
1066 2606 1123 2664 aut
1137 2602 1269 2664 tollendo
1285 2603 1352 2681 ipsa

315 2725 446 2789 Publica
459 2727 554 2787 mola.
572 2729 718 2804 quattuor
728 2743 762 2787 co
772 2725 1139 2806 praeposcamus
1151 2722 1352 2805 oppaooonda

317 2847 336 2910 d
350 2864 396 2909 mc
410 2851 440 2908 ct
454 2846 668 2927 copoonondc.
691 2846 739 2910 Ac
756 2849 857 2927 primo
874 2847 923 2909 tio
940 2846 976 2908 dc
992 2846 1195 2908 Providentia
1213 2845 1351 2908 dictum:

316 2985 407 3048 coquo
415 2967 541 3048 probata
556 2968 651 3029 inesse
663 2971 692 3028 et
698 2984 827 3047 praem
840 2966 928 3028 reduc
940 2967 1097 3028 humanm.

326 3201 438 3272 Venio
461 3201 554 3272 enirn
580 3200 725 3272 tandem
742 3204 764 3271 a
781 3200 986 3272 velitatione
1004 3201 1050 3272 ad
1067 3224 1187 3273 voram
1207 3203 1352 3274 seriam·

278 3363 345 3434 que
359 3341 534 3432 pugnam3
551 3345 586 3410 et
599 3337 741 3410 omissis
754 3338 889 3410 levibus
903 3338 982 3411 istis
995 3339 1075 3411 telis
1088 3348 1124 3411 et
1140 3340 1295 3425 lusoriis,
1308 3343 1355 3413 ad

278 3476 478 3555 decretoria
492 3498 604 3548 arma.
622 3476 756 3548 Milites
770 3478 958 3571 copiasque
977 3502 1073 3550 meas
1093 3501 1215 3550 omnes
1231 3479 1354 3551 ordine

279 3625 314 3689 et
331 3617 396 3688 sub
421 3616 533 3708 signis
556 3615 750 3687 inducam:
778 3639 926 3710 quarum
949 3617 1166 3710 quadruplex
1188 3617 1273 3689 mihi
1295 3641 1356 3710 ag·

279 3779 372 3828 men.
390 3755 511 3827 Primo
530 3752 748 3848 pugnabo,A
762 3752 827 3824 deo
840 3753 980 3824 immitti
994 3760 1029 3824 et
1042 3754 1265 3826 circummitti
1277 3755 1355 3826 haec

278 3894 419 3988 publica
436 3892 531 3964 mala
547 3919 554 3963 :
573 3893 740 3974 secunda
762 3892 976 3963 Necessaria
991 3915 1033 3963 ea
1051 3897 1213 3965 assecta
1231 3895 1321 3965 Fato
1342 3920 1349 3964 :

278 4033 397 4115 tertio,
424 4031 537 4103 Utilia
553 4030 655 4102 nobis
676 4056 684 4101 :
705 4037 896 4124 postremo,
918 4033 994 4103 Nec
1010 4032 1135 4123 gravia
1152 4031 1268 4113 nimis,
1290 4056 1354 4103 nec

280 4193 384 4243 nova.
407 4170 495 4248 Quae
521 4168 632 4263 copiae
657 4168 686 4239 si
711 4168 798 4239 locis
823 4169 896 4240 suis
915 4176 996 4262 apte
1022 4177 1180 4263 pugnant
1198 4176 1233 4240 et
1250 4192 1352 4261 repu-
