3262 5190
717 463 903 525 -m-

273 643 335 714 sed
357 642 510 714 breviter
532 651 568 713 et
593 643 831 737 contemptim.
861 642 983 737 Spolia
1000 642 1092 713 enim
1117 642 1235 735 potius
1258 644 1365 736 leget

272 806 315 853 ex
334 782 469 853 devicto
491 781 561 874 jam
585 781 700 865 hoste,
722 805 827 877 qnam
851 789 890 852 ut
915 789 1080 853 conserta
1097 804 1202 852 manu
1221 782 1364 853 acriter

271 943 350 991 cum
369 943 410 992 eo
431 927 575 1014 pugnet.
596 920 738 992 Revera
755 927 874 992 autern
895 920 981 1014 quid
997 919 1054 991 hic
1071 919 1203 991 homini
1222 943 1362 990 novum

271 1083 348 1131 esse
375 1065 504 1152 potest,
531 1058 599 1130 nisi
624 1059 681 1154 qui
710 1059 785 1153 ipse
817 1081 936 1130 novus*
951 1058 1103 1130 novitius
1126 1058 1163 1128 in
1188 1057 1362 1130 humanis

272 1200 398 1270 rebusl
418 1200 569 1270 Crantor
583 1199 726 1292 egregie
746 1208 781 1270 et
794 1199 999 1293 prudenter,
1022 1197 1080 1292 qui
1098 1220 1238 1268 versum
1261 1197 1363 1268 hunc

271 1361 409 1432 semper
427 1338 580 1409 habebat
597 1339 633 1409 in
652 1362 713 1408 ore
734 1364 741 1408 :

512 1490 602 1566 Οἵμοι,
619 1494 645 1548 τί
658 1490 760 1567 δἐἵμοι,
779 1492 859 1560 θνητά
874 1514 916 1547 τοι
929 1492 1104 1566 πεπὲνθαμεν.

322 1652 545 1724 Circulantur
561 1653 655 1723 enim
665 1652 812 1765 cottidie
828 1652 885 1724 hae
900 1652 1031 1735 clades,
1049 1660 1085 1724 et
1102 1653 1187 1723 orbe
1201 1652 1362 1746 quodam

272 1805 355 1862 eunt
379 1815 442 1886 per
466 1792 560 1863 hnnc
594 1792 737 1865 Orbem.
768 1792 861 1870 Quid
891 1792 1092 1863 admirare?
1117 1790 1210 1869 Quid
1236 1790 1363 1863 tristia

272 1929 350 2002 haec
370 1931 509 2002 evenire
530 1931 754 2024 ingemiscis?

513 2088 571 2145 Ota
591 2089 634 2144 ἐπὶ
652 2088 717 2143 πᾶσί
733 2087 755 2143 α’
771 2087 888 2166 ἐφύτενσ’
902 2088 1009 2163 ἀγαθοῖς

482 2226 485 2237 ·
514 2192 681 2268 Α’γᾶμεμνον
700 2191 818 2269 Α’τρεύς.

516 2297 562 2353 Δεῖ
576 2293 604 2353 δέ
618 2296 646 2352 σε’
662 2297 763 2374 χαίρειν
780 2300 824 2351 καὶ
839 2294 968 2354 >rumaldus

513 2401 618 2467 Θνητὸς
631 2403 681 2476 γὰρ
698 2398 770 2476 ἔφυς·
788 2397 836 2471 κᾷν
857 2402 892 2473 μὴ
912 2398 1032 2476 σῦθέλῃς,

513 2503 573 2560 Τῶν
591 2505 657 2559 θεῶν
674 2507 746 2559 οὓτω
762 2502 931 2579 βουλομένων
951 2502 1016 2565 isar.

323 2656 413 2728 lllnd
431 2655 548 2749 potius
574 2655 714 2763 mirum,
737 2656 767 2727 si
787 2656 886 2729 exlex
910 2658 1096 2752 quisquam
1114 2661 1158 2731 ab
1176 2660 1243 2732 hac
1261 2683 1361 2732 com-

274 2797 369 2883 muni
387 2797 480 2889 lege,
506 2819 570 2868 nec
583 2819 671 2867 onns
688 2795 780 2868 ferat
793 2797 886 2891 quod
901 2797 1018 2868 ferunt
1032 2821 1167 2871 omnes,

326 2938 434 3009 Solon
455 2936 605 3009 amicum
624 2936 810 3030 quemdam
822 2935 971 3008 Athenis
997 2937 1155 3030 graviter
1175 2939 1360 3032 lugentem

274 3077 311 3146 in
337 3098 454 3147 arcem
481 3075 638 3158 deduxit,
660 3082 695 3146 et
720 3074 895 3168 subjectas
920 3098 1041 3147 omnes
1067 3075 1103 3147 in
1121 3098 1251 3170 magna
1269 3077 1360 3151 urbe

276 3214 371 3284 aedes
386 3214 539 3284 ostendit
556 3239 562 3284 :
581 3214 720 3305 Cogita,
738 3214 913 3307 inquiens,
930 3238 1035 3309 quam
1049 3216 1149 3288 multi
1162 3217 1277 3289 luctus
1289 3219 1359 3290 sub

276 3352 331 3424 his
362 3353 464 3425 tectis
496 3353 579 3424 olim
606 3353 750 3437 fuerint,
772 3378 864 3425 nunc
879 3364 1079 3439 versentur,
1100 3364 1224 3451 postea
1245 3357 1359 3430 futuri

276 3493 347 3565 sint
364 3519 370 3564 :
393 3516 436 3565 ac
452 3492 551 3588 mitte
565 3493 767 3565 mortalium
781 3494 1003 3566 incommoda
1015 3503 1194 3590 tamquam
1213 3497 1359 3591 propria

276 3632 418 3704 deflere.

325 3771 440 3842 Velim
468 3771 560 3841 idem
590 3769 653 3841 tibi
678 3770 754 3841 fieri
776 3769 901 3863 possit,
931 3769 1043 3864 Lipsi,
1071 3771 1107 3841 in
1133 3794 1261 3866 magno
1286 3772 1359 3845 isto

277 3913 419 3986 mundo.
442 3909 512 3981 Sed
530 3910 696 4004 quoniam
714 3933 752 3980 re
771 3932 841 3980 non
857 3917 989 4003 potest;
1007 3933 1087 4004 age,
1100 3911 1163 3983 fiat
1176 3910 1360 4005 paulisper

275 4047 501 4139 cogitatione.
524 4047 619 4118 Sisto
643 4054 677 4118 te
701 4047 737 4119 in
762 4047 834 4119 alto
854 4046 929 4131 illo,
951 4049 980 4120 si
1003 4049 1069 4131 vis,
1091 4049 1254 4144 Olympo
1276 4051 1357 4122 des-

274 4187 350 4280 pice
381 4184 464 4256 mihi
492 4207 612 4257 omnes
639 4186 758 4267 urbeS,
786 4184 999 4285 provincias,
1028 4208 1159 4280 regna3
1193 4194 1228 4258 et
1251 4210 1358 4260 censa
