3262 5190
326 902 460 972 Tamen
475 900 665 994 querimur.
688 907 723 972 et
740 923 815 979 cur.
834 898 1009 994 inquiunt,
1032 920 1096 968 nos
1115 897 1247 968 diutius
1264 897 1356 967 bello

277 1041 500 1134 adfligimur,
531 1065 635 1136 quam
662 1041 749 1112 aliil
776 1048 838 1111 aut
862 1063 925 1111 eur
950 1039 986 1109 in
1010 1038 1138 1109 acriori
1166 1037 1356 1108 servitute?

278 1180 404 1263 Stulte,
422 1188 457 1252 et
475 1205 558 1252 vere
568 1182 644 1274 jam
667 1204 777 1274 aeger,
799 1189 837 1252 tu
855 1178 1043 1274 prudentia
1061 1184 1144 1248 ante
1171 1176 1275 1247 deum
1290 1177 1355 1247 est

275 1318 340 1390 Die
357 1319 455 1401 mihi,
485 1344 547 1391 eur
566 1321 721 1391 medicus
740 1319 868 1414 aliquis
889 1319 971 1390 huie
988 1317 1067 1412 plus
1092 1314 1275 1411 absynthii
1295 1322 1356 1385 aut

274 1457 420 1528 ellebori
438 1458 580 1540 miscet,
602 1482 708 1552 quam
721 1458 781 1529 illi
790 1460 803 1529 l
823 1480 948 1550 nempe
962 1457 1045 1551 quia
1063 1455 1207 1526 morbus
1229 1455 1303 1547 ejus
1321 1454 1357 1524 id

273 1598 442 1691 postulat,
460 1607 522 1670 aut
536 1607 677 1671 natura.
701 1600 798 1670 Idem
811 1599 848 1668 in
866 1605 901 1668 te
924 1620 1041 1668 oense.
1059 1566 1166 1667 Videt
1186 1595 1280 1666 hune
1297 1617 1356 1688 po·

273 1735 394 1830 pulum
415 1738 567 1809 fortasse
592 1737 801 1808 ferociorem
827 1760 918 1818 esse,
941 1736 1089 1829 ideoque
1108 1735 1231 1828 flagris
1258 1722 1355 1806 coer-

272 1875 422 1945 cendum
442 1901 449 1946 :
467 1875 565 1947 illum
583 1876 732 1947 alterum
760 1875 946 1956 mitiorem,
969 1883 1004 1946 et
1020 1876 1056 1945 in
1075 1898 1203 1969 gyrum
1231 1873 1352 1946 reduci

274 2036 378 2106 posse
392 2014 468 2085 sela
486 2013 598 2106 virgae
615 2014 753 2084 umbra.

323 2490 371 2561 m
388 2491 452 2561 tibi
473 2492 523 2561 ita
540 2515 610 2561 non
630 2493 780 2564 videtur.
806 2495 919 2565 Valde
938 2495 1072 2566 scilieet
1091 2494 1128 2565 id
1146 2494 1275 2565 refert!
1299 2495 1355 2564 Ne

275 2642 441 2727 parentes
468 2635 609 2728 quidem
630 2659 740 2729 puero
765 2636 917 2708 cultrum
941 2645 1004 2708 aut
1023 2637 1157 2708 ferrum
1186 2638 1223 2707 in
1249 2658 1354 2707 manu

275 2775 488 2868 relinquunt,
511 2776 577 2846 etsi
600 2776 702 2847 valde
733 2799 771 2847 se
797 2776 1006 2847 adflictanti.
1029 2776 1226 2868 praevident
1260 2775 1354 2847 enim

274 2913 470 2984 laesionem.
483 2935 545 2984 eur
563 2914 650 2986 deus
663 2914 765 2985 nobis
779 2886 969 3008 perniciem
983 2914 1179 3007 indulgeat,
1193 2913 1252 3007 qui
1271 2937 1354 2985 vere

272 3053 385 3144 pueri,
406 3076 470 3125 nec
497 3052 669 3124 salutaria
689 3054 794 3146 gnari
824 3077 944 3124 sumus
962 3061 1093 3147 petere,
1115 3078 1179 3127 nec
1203 3054 1353 3148 abjicere

275 3191 457 3262 nocitura'l
477 3191 624 3272 Tamen,
653 3191 683 3261 si
704 3191 819 3271 voles,
846 3198 880 3262 et
905 3200 1076 3284 quantum
1096 3194 1209 3277 voles,
1234 3193 1349 3287 plora.

237 3335 238 3338 ’
275 3329 374 3400 bibes
393 3328 622 3400 nihilominus
635 3329 723 3400 illud
738 3330 900 3423 peculum
925 3353 1130 3413 moerorum,
1160 3333 1253 3425 quod
1282 3355 1361 3404 non'

273 3477 404 3542 temere
423 3477 493 3542 tam
512 3470 653 3564 plenum
669 3471 731 3543 tibi
749 3471 903 3543 eoelestis
922 3471 981 3542 ille
999 3472 1154 3543 medicus
1172 3472 1348 3565 propinat.
