3262 5190
730 494 913 556 -are-

271 675 342 744 ‘sed
357 650 528 744 bonorum
543 672 697 743 omniurn
712 681 868 754 auctore,
887 664 1016 766 capite,
1032 675 1141 747 sonte.
1160 676 1191 746 A
1206 700 1274 770 quo
1290 701 1359 747 non

281 811 394 903 inagis
413 818 468 881 est
487 819 524 880 ut
538 809 668 880 malurn
687 809 829 903 aliquod
844 820 995 893 emanet,
1013 835 1118 905 qnam
1134 823 1171 884 ut
1185 814 1298 885 malus
1313 816 1360 886 sit

280 954 368 1044 ipse.
391 950 557 1022 Benefica
575 957 712 1020 tantum
726 958 761 1021 et
778 950 946 1022 salutaris
960 951 1022 1022 illa
1035 951 1088 1023 vis
1108 979 1115 1023 :
1134 977 1214 1046 quae
1227 953 1359 1025 laedere

281 1116 382 1185 aeque
403 1090 551 1184 spernit,
573 1113 614 1161 ac
632 1070 739 1160 laedi:
761 1097 796 1160 et
815 1091 867 1160 cui
885 1113 955 1161 una
977 1114 1182 1186 summaque
1201 1094 1359 1187 potentia

279 1243 345 1315 est,
364 1233 543 1327 prodesse.
562 1234 684 1325 ltaque
703 1232 809 1302 etiam
828 1232 934 1325 prisci
953 1232 1004 1302 illi
1023 1234 1260 1318 tenebriones‚
1279 1260 1356 1306 cunr

280 1397 445 1467 superum
480 1373 567 1444 illud
602 1395 731 1442 numen
769 1381 885 1442 mente
920 1372 1168 1466 conciperent,
1207 1383 1300 1445 recte
1335 1379 1356 1445 d

273 1512 430 1604 juvando
445 1510 564 1581 dixere
577 1511 598 1581 J
602 1533 714 1580 ovem.
736 1509 792 1579 An
806 1516 845 1579 tu
859 1510 1063 1602 exasperari
1082 1534 1160 1580 eum
1179 1533 1302 1581 censes
1312 1521 1356 1582 et

279 1651 398 1732 irasci,
428 1658 462 1721 et
492 1649 569 1719 haec
595 1648 689 1719 velut
714 1648 819 1718 noxia
843 1646 1005 1740 quaedam
1027 1646 1099 1717 tela
1125 1671 1294 1741 spargere
1318 1649 1353 1718 in

279 1790 470 1859 humanum
493 1788 624 1880 genosi
654 1787 776 1856 Erras.
807 1787 877 1867 Ira,
903 1785 1074 1866 vindicta,
1097 1786 1183 1857 ultio
1210 1787 1354 1859 humani

279 1931 437 2001 adfectus
456 1927 598 1999 nomina
612 1937 694 1998 sunt
713 1950 719 1994 :
742 1934 777 1997 et
790 1934 875 1998 nata
893 1950 936 1997 ex
954 1926 1205 2009 imbecillitate,
1224 1929 1354 2000 cadunt

277 2076 414 2138 tantum
445 2066 480 2137 in
505 2066 710 2137 imbecillos.
746 2067 957 2137 Perseverat
982 2075 1099 2137 autem
1125 2075 1297 2138 aeternum
1317 2068 1353 2138 in

276 2205 493 2297 benignitate
512 2227 576 2274 sua
591 2202 651 2272 illa
666 2225 763 2273 mens
780 2228 787 2272 :
806 2210 841 2273 et
858 2202 928 2272 ista
942 2203 1019 2296 ipsa
1033 2227 1161 2296 aspera
1175 2229 1253 2299 quae
1271 2230 1353 2298 sng-

276 2343 369 2434 gerit
399 2351 460 2412 aut
495 2340 637 2432 ingerit,
675 2338 771 2410 velut
805 2339 1060 2412 medicamenta
1091 2352 1173 2413 sunt
1206 2370 1213 2415 ε
1245 2369 1351 2417 sensu

276 2481 407 2560 tristia,
437 2502 474 2548 re
506 2476 664 2548 salubria
684 2485 719 2548 et
745 2487 885 2550 eventu.
912 2479 1090 2551 Homerus
1111 2482 1169 2552 ille
1193 2484 1353 2556 Philoso-

275 2621 425 2713 phorum
444 2625 563 2688 recie:
586 2616 650 2684 ὅδὲ
668 2616 733 2693 θεὸς
752 2617 846 2708 μηδὲν
860 2602 950 2685 κακὸν
967 2623 1060 2700 ποιεῖ,
1082 2621 1142 2687 οὐδ’
1161 2621 1197 2687 ἄν
1216 2649 1289 2690 civo
1303 2623 1350 2705 cin

275 2761 367 2824 κακοῦ
382 2754 477 2824 dccccv
495 2781 501 2826 :
520 2761 613 2825 Deus
630 2758 721 2823 nidd
733 2761 866 2823 recolunt
880 2760 978 2841 facit,
992 2761 1080 2827 adeo
1093 2781 1162 2826 aon
1178 2764 1252 2847 ipse
1266 2766 1354 2830 reoli

275 2899 425 2981 oliczp'us
435 2917 555 2964 catera.
568 2893 614 2963 Et
628 2891 752 2963 melius
762 2892 1034 2987 impressiusque
1045 2905 1164 2967 noster
1178 2897 1327 2991 Sapiens
1342 2925 1349 2969 :

278 3041 476 3111 Quoecouso
490 3043 540 3102 est
557 3038 628 3102 diis
641 3036 907 3118 benefaciendi?
919 3045 1050 3104 notura
1065 3061 1073 3096 ··
1088 3043 1213 3120 Errat,
1227 3045 1261 3108 si
1272 3047 1351 3127 quis

271 3181 374 3258 μαῖαι
392 3177 469 3240 idos
481 3192 606 3239 nocere
623 3174 717 3248 velle,
733 3174 787 3237 vel
794 3191 911 3256 posse,
928 3193 991 3238 nee
1001 3177 1163 3260 occipere
1178 3179 1350 3262 injuriam

276 3317 416 3394 queant,
443 3331 507 3376 nec
534 3312 667 3393 facere.
701 3309 848 3374 Primus
871 3317 921 3376 est
945 3312 1092 3378 deorum
1117 3318 1239 3395 cuitus,
1269 3319 1350 3385 deos

274 3450 418 3515 eredere
449 3449 612 3526 :deinde
631 3447 780 3512 reddere
799 3448 870 3543 dlis
894 3450 1110 3530 rraap'estatem
1134 3473 1250 3530 saara,
1272 3457 1350 3521 red·

274 3588 357 3652 dere
371 3586 569 3662 bonitatem,
588 3586 663 3649 sine
683 3604 752 3667 qua
770 3587 868 3650 nulla
886 3587 1052 3668 rrzojestas
1067 3595 1130 3656 est.
1155 3590 1253 3656 Scire
1272 3593 1350 3659 idos

272 3743 346 3788 esse
363 3725 424 3807 qui
435 3722 627 3807 president
646 3723 785 3798 maredo,
808 3724 869 3805 qui
895 3725 1061 3790 universe
1085 3733 1121 3792 ot
1138 3747 1204 3793 aaa
1221 3734 1349 3815 tempe·
1435 3700 1440 3706 ’

273 3871 366 3939 rant,
381 3866 442 3946 qai
459 3864 608 3927 hermani
624 3863 766 3946 pencris
782 3865 925 3928 tutelam
939 3872 1078 3947 perant,
1093 3869 1227 3933 curiosi
1239 3872 1346 3934 etiam

273 4006 510 4089 sinptdorron.
538 4005 586 4068 Hi
604 4024 667 4068 nec
683 4004 769 4069 dont
788 4006 934 4082 medion,
951 4027 1014 4071 nec
1031 4008 1170 4076 liabent.
