3262 5190
726 481 910 543 —250-

276 681 452 730 urrunnu
477 681 621 731 nnuorr.
654 660 747 743 Dixi,
776 660 1015 733 Providentiae
1046 659 1246 741 decretum,
1277 659 1359 753 quia

276 798 467 891 Theologis
482 800 541 893 qui
557 800 661 872 hodie
675 802 789 892 (venia
804 802 887 873 mihi
901 802 938 872 in
950 801 1062 871 libero
1077 800 1151 871 veri
1171 799 1287 872 studio
1301 799 1359 889 sit)

277 961 347 1009 non
366 963 513 1033 prorsus
528 942 722 1039 adsentior,
743 943 802 1036 qui
822 943 856 1013 id
870 966 948 1013 cum
964 941 1193 1012 Providentia
1208 940 1299 1033 ipsa,
1321 963 1359 1009 re

275 1088 310 1151 et
347 1080 487 1150 nomine
521 1080 682 1154 miscent.
710 1082 791 1153 Seio
826 1082 975 1153 arduum
1011 1081 1080 1150 imo
1115 1079 1356 1160 temerarium,

274 1222 452 1314 duepndetou
471 1221 569 1292 illam
586 1229 622 1294 et
639 1225 853 1317 ὑπερουράνιον
873 1224 974 1290 Φύσιν
994 1223 1119 1317 (Deum
1138 1219 1227 1314 dico)
1241 1220 1360 1292 verbis

274 1362 381 1431 certis
399 1361 582 1455 concipere
607 1362 697 1433 velle
720 1371 782 1434 aut
799 1361 1040 1454 adstringere,
1064 1367 1100 1432 et
1118 1343 1286 1454 quidquid
1314 1358 1359 1429 ad

272 1501 370 1571 illum
392 1527 399 1572 :
421 1472 540 1572 tumen
558 1510 596 1573 ut
613 1501 778 1574 humanae
797 1502 924 1572 mentis
939 1508 1063 1594 captus
1080 1508 1148 1581 est,
1169 1521 1359 1593 persevero

274 1638 369 1709 uliud
385 1639 650 1710 Providentiam
664 1663 742 1711 esse
756 1640 910 1733 proprie,
928 1639 1024 1710 aliud
1040 1647 1200 1710 nostrum
1212 1639 1356 1708 Fatum.

213 1792 218 1808 ·’
275 1780 367 1849 Nam
378 1779 643 1851 Providentiam
655 1803 724 1851 non
739 1780 843 1851 aliter
855 1781 955 1873 capio
966 1787 1028 1852 aut
1040 1779 1239 1861 considero,
1253 1802 1359 1873 quam

276 1926 314 1989 ut
328 1941 364 1989 nu
382 1941 450 1989 nno
469 1942 525 1990 vis
540 1942 593 1991 slr
613 1941 656 1990 nr
681 1942 855 1992 rornsrns
880 1941 994 1991 curun
1021 1942 1182 1999 nonnul,
1204 1941 1357 2000 seranni,

276 2080 527 2140 cunnnnnn'nr,
546 2066 581 2129 et
593 2059 647 2129 vis
666 2058 744 2129 dico
763 2059 942 2140 universa,
963 2057 1129 2139 indivisa,
1148 2058 1291 2151 stipata,
1310 2065 1357 2139 et,

276 2230 354 2277 cum
373 2207 537 2277 Lucretio
561 2206 707 2300 loquar,
728 2206 845 2277 uniter
860 2205 997 2299 juncta.
1022 2205 1069 2275 At
1090 2206 1218 2276 Fatum
1237 2206 1283 2276 ud
1302 2229 1360 2278 res

276 2346 372 2438 ipsas
386 2347 500 2439 magis
518 2346 731 2416 descendere
744 2345 895 2428 videtur,
910 2345 946 2415 in
964 2345 1076 2439 iisque
1095 2345 1246 2438 siugulis
1261 2369 1359 2440 spec-

279 2485 347 2555 tari
361 2510 369 2568 ;
384 2492 424 2555 ut
437 2484 578 2577 inquam
589 2483 635 2555 sit
646 2483 798 2577 digestio
809 2492 844 2556 et
857 2484 1043 2578 explicatio
1058 2484 1252 2555 communis
1267 2484 1361 2554 illius

279 2622 519 2694 Providentiae
540 2622 716 2694 distinctae
740 2629 776 2693 et
801 2645 864 2716 per
890 2629 1009 2716 partes
1024 2616 1073 2718 (¹).
1100 2625 1223 2716 ltaque
1241 2623 1305 2694 illa
1326 2625 1363 2693 in

279 2767 344 2837 deo
360 2775 427 2849 est,
449 2766 525 2838 etei
541 2766 605 2838 soli
622 2766 789 2838 tribuitur
811 2793 818 2838 :
840 2755 959 2838 hocin
974 2767 1097 2848 rebus
1120 2774 1155 2837 et
1168 2766 1212 2837 iis
1227 2767 1361 2838 adscri-

278 2906 385 2979 bitur.

331 3518 468 3589 Tricari
489 3518 552 3590 tibi
573 3518 710 3600 videor,
732 3524 767 3589 et
785 3518 878 3611 quod
899 3519 958 3589 ille
984 3519 1046 3601 ait,
1073 3521 1205 3613 κέγχρον
1222 3519 1363 3610 sparte-ri

283 3668 357 3738 Inro
376 3690 475 3737 sumo
490 3667 579 3747 haec,
598 3666 709 3758 Lipsi,
723 3664 867 3735 emedio
886 3688 1047 3736 sermone
1061 3665 1171 3758 vulgi;
1193 3664 1364 3763 quo-nihil

283 3768 398 3899 magis
421 3806 608 3888 increbuit,
637 3828 742 3898 quam
762 3814 799 3876 ut
827 3806 997 3887 dieamus,
1021 3811 1099 3875 Meo
1120 3809 1206 3875 boizo
1225 3811 1300 3893 suto
1326 3809 1365 3873 id

282 3951 378 4032 fieri,
389 3952 553 4016 cataracta
565 3979 573 4015 :
583 3955 625 4027 et,
636 3952 711 4015 Hoc
724 3971 797 4016 osse
806 3952 911 4056 repat
920 3952 1015 4016 itlius
1028 3956 1089 4016 out
1102 3951 1224 4035 oppidi
1230 3951 1360 4032 sutum.

317 4176 347 4239 (¹)
366 4175 437 4226 C'ost
450 4188 520 4238 pour
532 4173 676 4239 expliquer·
688 4188 719 4225 ce
731 4174 810 4239 point
822 4189 874 4238 que
888 4175 927 4226 les
941 4176 1130 4227 Platonicieus
1143 4178 1192 4225 out
1203 4175 1253 4227 tuit
1262 4176 1288 4224 lu
1299 4175 1363 4225 Pru-

285 4266 397 4315 uidoncc
410 4264 503 4328 triple.
519 4264 671 4327 Plutarque
684 4280 718 4315 en
731 4280 747 4315 a
761 4265 810 4316 fait
824 4270 929 4317 nutant.
946 4267 1023 4318 Cotto
1036 4267 1154 4317 division
1168 4268 1210 4316 est
1223 4264 1328 4315 inutile.
