3262 5190
734 494 919 557 -184-

333 676 411 767 Ego
431 675 569 756 iterum,
592 673 767 746 Sedenim
782 675 910 768 Largi,
932 675 962 745 si
981 676 1035 746 fas
1049 674 1177 756 dicere,
1196 677 1274 767 agis
1294 699 1365 746 me-

282 835 361 883 cum
379 811 471 883 male
497 819 531 884 et
553 812 707 906 maligne
734 840 740 883 :
766 836 842 895 neo,
866 821 906 884 ut
927 813 1041 883 bonus
1068 812 1178 906 pugil,
1206 813 1365 905 legitimo

282 973 373 1021 nexu
388 950 507 1043 dejicis
521 974 587 1032 me,
606 950 668 1045 sed
681 973 744 1044 per
757 951 916 1043 argutias
935 949 1155 1042 supplantas,
1176 949 1361 1029 Simulata,

280 1089 347 1169 ais,
367 1088 527 1181 lugemus
550 1087 715 1181 patriam,
736 1110 801 1158 nec
819 1094 963 1180 propter
976 1086 1104 1179 ipsam.
1127 1087 1274 1178 Egonel
1297 1088 1361 1158 sal-

280 1249 369 1298 sum.
383 1227 477 1296 Nam
490 1232 528 1295 ut
545 1225 611 1295 hoc
623 1224 686 1294 tibi
701 1223 780 1294 dem
797 1223 912 1317 (agam
932 1224 1025 1294 enim
1038 1225 1202 1318 ingenue)
1222 1249 1361 1319 respec-

279 1372 353 1436 tum
366 1365 402 1434 in
421 1387 462 1435 eo
475 1357 627 1456 aliquem
641 1362 708 1433 mei
722 1385 816 1446 esse;
838 1368 875 1433 at
888 1384 959 1432 non
973 1362 1094 1434 solius
1113 1363 1234 1455 Lugeo
1249 1363 1355 1441 enim,

279 1503 407 1595 Langi,
428 1503 578 1596 patriam
600 1501 785 1596 imprimis,
811 1501 935 1594 luge0‚
964 1501 1174 1595 lugeboque,
1200 1503 1361 1573 etiamsi

278 1640 412 1710 nullum
433 1639 517 1709 mihi
540 1639 577 1709 in
597 1639 677 1751 ejus
699 1638 900 1709 discrimine
923 1639 1124 1711 discrimen.
1148 1642 1229 1710 lure
1252 1641 1357 1719 bono,

277 1778 340 1849 illa
353 1778 523 1871 siquidem
539 1786 604 1858 est,
615 1801 693 1871 quae
704 1802 759 1849 me
773 1778 922 1870 excepit,
939 1779 1037 1858 fovit,
1056 1778 1145 1849 aluit
1162 1804 1169 1849 :
1187 1781 1359 1848 communi

277 1915 434 2007 gentium
453 1937 571 1994 sensu,
591 1914 813 1985 sanctissima
832 1923 867 1985 et
885 1915 1131 2008 antiquissima
1149 1939 1291 2008 parens.
1312 1919 1360 1987 At

278 2056 369 2125 enim
388 2055 509 2126 orbem
528 2055 730 2126 universum
748 2057 900 2148 patriam
916 2055 999 2126 mihi
1013 2055 1090 2126 das.
1112 2056 1199 2132 Quis
1220 2058 1358 2127 renuitl

278 2193 339 2263 sed
357 2201 395 2263 tu
414 2215 550 2287 quoque
564 2193 688 2273 latere,
710 2210 841 2285 praeter
858 2192 949 2263 hanc
966 2192 1137 2284 grandem
1156 2201 1191 2264 et
1205 2217 1358 2265 commu-

277 2354 369 2411 nem,
392 2331 498 2400 aliam
523 2329 608 2400 mihi
634 2352 712 2399 esse
740 2329 854 2420 magis
884 2329 1064 2400 definitam
1088 2337 1124 2400 et
1146 2331 1357 2424 peculiarem

277 2469 428 2563 patriam
456 2495 463 2539 ε
493 2469 549 2540 cui
576 2491 705 2539 arcano
732 2468 884 2562 quodam
908 2477 1047 2540 naturae
1070 2470 1184 2541 vinclo
1214 2472 1358 2564 propius

276 2608 489 2700 obstringar.
521 2607 599 2677 Nisi
628 2629 749 2677 censes
774 2608 845 2677 vim
871 2607 1003 2678 nullam
1034 2631 1112 2679 esse
1142 2607 1292 2679 laciendi
1324 2619 1358 2678 et

276 2747 476 2820 attrahendi
490 2747 526 2817 in
540 2745 649 2817 natali
669 2745 730 2816 illo
749 2745 838 2830 solo
855 2746 947 2840 quod
961 2746 1114 2839 primum
1128 2742 1357 2839 corpore'isto

221 2874 223 2878 Α
275 2887 480 2980 pressimus,
501 2884 648 2977 pedibus
666 2883 881 2954 institimus:
905 2884 1001 2976 cujus
1012 2892 1131 2954 aerem
1144 2884 1327 2954 hausimus
1347 2910 1353 2952 :

276 3025 311 3093 in
336 3045 404 3116 quo
426 3012 575 3092 infantia
600 3029 723 3090 nostra
743 3020 866 3110 vagiit,
895 3021 1046 3111 pueritia
1072 3020 1169 3101 lusit,
1189 3022 1358 3112 juventus

276 3160 430 3231 exercita
444 3167 478 3229 et
496 3157 645 3227 educata
660 3164 726 3226 est.
745 3155 814 3225 Ubi
829 3155 1002 3227 familiare
1020 3156 1129 3227 oculis
1144 3158 1283 3240 coelum,
1296 3161 1358 3229 tlu-

276 3300 383 3381 mina‚
405 3296 481 3389 agri
505 3322 511 3366 :
539 3295 597 3366 ubi
616 3295 724 3386 longa
750 3295 840 3364 serie
862 3295 1016 3386 cognati,
1043 3296 1158 3377 amici,
1184 3297 1324 3368 sodales
1346 3324 1352 3368 :

274 3446 309 3511 et
337 3445 389 3509 tot
422 3436 542 3530 gaudii
571 3434 759 3516 illecebrae,
790 3457 877 3528 quas
901 3434 1033 3506 frustra
1067 3444 1243 3508 terrarum
1271 3439 1355 3508 alibi

274 3599 443 3671 quaeram.
461 3576 535 3645 Nec
554 3572 738 3666 Opinionis
755 3572 824 3655 hic,
846 3581 885 3644 ut
902 3573 1014 3643 videri
1030 3575 1095 3656 vis,
1118 3575 1214 3645 filum
1234 3586 1352 3657 tenue,

273 3709 334 3780 sed
350 3708 441 3778 firmi
455 3707 639 3798 compedes
653 3706 815 3776 Naturae.
833 3704 889 3775 Ad
903 3688 1072 3776 animalia
1085 3706 1156 3777 abi.
1174 3707 1259 3777 serae
1274 3731 1355 3778 ecce

273 3846 403 3916 cubilia
424 3867 490 3914 sua
515 3851 635 3913 amant
660 3849 695 3912 et
721 3851 934 3933 agnoscunt;
968 3866 1065 3925 auca,
1092 3844 1207 3917 nidos.
1233 3847 1355 3916 Pisces

272 3983 340 4076 ipsi
364 3982 398 4052 in
413 4004 542 4073 magno
561 3980 620 4051 illo
639 3988 674 4050 ct
692 3980 917 4051 interminato
937 3981 1091 4064 Oceano,
1113 3981 1180 4051 frui
1200 3983 1356 4073 gaudent

274 4131 373 4192 certa
389 4120 462 4212 ejus
473 4119 689 4212 parte.Nam
701 4117 860 4188 homines
872 4119 952 4212 quid
968 4120 1101 4191 dicam?
1112 4120 1169 4214 qui
1183 4120 1267 4190 culti
1282 4121 1355 4191 sive

276 4257 441 4341 Barbari,
463 4257 513 4328 ita
526 4255 631 4328 adfixi
651 4254 796 4348 genitali
817 4255 897 4327 huic
915 4257 1048 4348 glebae;
1071 4267 1108 4329 ut
1127 4258 1283 4352 quisquis
1302 4259 1356 4328 vir
