3262 5190
726 469 912 531 „ppp-

326 651 508 729 Quomodo
532 650 636 732 enim,
667 648 840 743 inquiunt,
870 648 899 719 si
929 648 1025 718 Deus
1047 647 1210 742 praevidit
1232 671 1358 740 pecea-

275 796 393 859 turum
408 811 475 870 me,
497 811 560 858 nec
570 787 643 858 salli
662 787 827 880 praevisio
842 787 904 857 illa
918 772 1047 879 potest,
1065 808 1135 856 non
1152 784 1357 857 necessario

275 928 438 1020 pecceml
457 927 601 1007 Fateor,
622 926 823 997 necessario
848 949 855 993 :
878 925 1024 996 sednon
1043 947 1106 1017 pro
1126 931 1188 994 tua
1204 930 1320 995 manto
1345 950 1352 994 ε

274 1064 387 1136 libera
405 1065 585 1135 voluntate
603 1064 659 1135 hic
673 1064 940 1135 interveniente.
954 1064 1089 1155 Nempe
1103 1061 1170 1134 hoc
1184 1062 1352 1155 providit,

276 1211 314 1273 ut
344 1226 384 1273 eo
409 1202 513 1273 modo
537 1224 659 1296 pecces
684 1224 752 1296 quo
777 1201 929 1295 providit
957 1223 963 1268 :
989 1200 1143 1294 providit
1168 1208 1286 1272 autem
1313 1209 1354 1271 ut

273 1342 384 1413 libere
422 1366 428 1410 :
461 1342 570 1436 igitur
604 1341 805 1413 necessario
835 1340 945 1412 libere
975 1363 1113 1434 peccas.
1144 1339 1255 1411 Satin'
1284 1339 1354 1411 hoc

274 1480 434 1551 claruml

325 1618 394 1689 Sed
420 1626 547 1711 urgent
570 1618 711 1700 iterum,
738 1618 786 1689 At
815 1618 908 1688 enim
938 1617 1025 1689 deus
1047 1617 1084 1687 in
1110 1618 1211 1689 nobis
1230 1625 1354 1689 auctor

274 1756 388 1826 omnis
408 1764 535 1827 motus.
557 1757 797 1828 communiter
814 1764 949 1839 auctor,
966 1757 1081 1827 fateor
1098 1781 1105 1826 :
1125 1757 1186 1828 sed
1200 1780 1269 1828 non
1283 1757 1353 1828 nisi

275 1886 357 1957 boni
377 1886 506 1959 fautor.
535 1887 590 1959 Ad
617 1889 781 1960 virtutem
809 1889 1027 1981 accingeris?
1061 1888 1122 1959 illo
1155 1888 1287 1959 sciente
1317 1899 1354 1960 et

268 2024 414 2116 juvante
433 2026 491 2097 sit.
509 2027 553 2096 ad
572 2027 714 2097 vitiuml
734 2027 866 2099 sciente
884 2035 920 2097 et
937 2026 1086 2097 sinente.
1108 2027 1184 2099 Nec
1201 2026 1276 2119 ejus
1295 2027 1353 2099 hic

273 2160 392 2254 aliqua
405 2162 521 2255 culpa.
538 2164 675 2257 Equum
689 2164 825 2236 insideo
839 2172 874 2236 et
887 2164 1028 2257 impello
1043 2164 1193 2237 debilem
1207 2172 1242 2235 et
1255 2165 1352 2237 clau-

274 2299 356 2368 dum
376 2323 382 2366 :
405 2299 497 2393 quod
515 2300 669 2393 impello,
691 2304 785 2372 ame
803 2310 873 2386 est;
894 2300 987 2395 quod
1005 2302 1168 2385 debilem,
1190 2303 1347 2396 abipso.

273 2435 454 2508 Citharam
468 2438 568 2531 pulso
583 2439 806 2510 dissonamet
820 2440 936 2510 nervis
952 2439 1042 2511 male
1060 2441 1213 2511 vinctam
1231 2442 1347 2535 :quod

273 2582 389 2646 tamen
404 2576 595 2660 discordat,
617 2578 841 2649 instrumenti
856 2577 979 2649 vitium
994 2602 1072 2648 esse
1092 2579 1260 2660 fatebere,
1277 2601 1349 2650 non

272 2738 399 2785 meum.
429 2716 543 2786 Terra
568 2716 645 2787 haec
670 2716 748 2809 ipsa
774 2717 920 2787 arbores
946 2724 981 2786 et
1006 2716 1127 2807 fruges
1145 2739 1266 2787 omnes
1285 2717 1350 2789 alit

272 2853 445 2924 communi
460 2876 563 2924 succo
586 2877 592 2921 :
611 2854 672 2924 sed
690 2855 761 2924 illae
776 2854 969 2925 salutarem
987 2855 1138 2924 fructum
1148 2854 1345 2947 proferunt,

272 2991 352 3060 aliae
366 3016 550 3063 venenum.
569 2991 652 3085 quid
671 2992 789 3062 dicest
811 2996 946 3061 aterna
968 2990 1034 3062 hoc
1054 3014 1145 3074 esse,
1167 3014 1212 3062 an
1230 2993 1348 3085 potius

271 3129 316 3198 ab
347 3129 453 3199 insita
479 3130 645 3198 arborum
676 3130 722 3211 vi,
749 3151 827 3221 quae
852 3128 1058 3199 alimentum
1089 3131 1218 3202 bonum
1245 3130 1347 3204 deco·

272 3274 382 3360 quunt
400 3266 436 3335 in
454 3289 557 3337 suum
573 3266 694 3337 virusl
715 3265 835 3337 Simile
853 3265 910 3337 hic
935 3274 1000 3338 est.
1022 3274 1057 3337 et
1080 3290 1101 3337 a
1121 3268 1186 3339 deo
1205 3269 1346 3363 quidem

271 3405 362 3497 quod
377 3429 534 3488 movere;
551 3409 572 3475 a
589 3412 622 3477 te
636 3405 719 3476 etin
737 3412 784 3487 te,
802 3405 895 3498 quod
914 3406 959 3476 ad
979 3406 1122 3477 molum.

320 4056 478 4149 Denique
505 4064 542 4126 ut
569 4055 775 4127 concludam
802 4057 845 4127 de
870 4057 937 4128 hac
960 4059 1143 4130 Libertate
1175 4082 1181 4127 :
1217 4061 1345 4131 Fatum

270 4195 376 4266 veluti
388 4195 651 4288 praesultorem,
661 4203 695 4266 et
704 4195 821 4266 funem
836 4196 976 4267 ducitin
988 4198 1108 4267 mundi
1121 4197 1340 4269 istaclrorea:
