3262 5190
767 508 950 572 -no-

319 690 439 783 tiebat)
468 690 654 783 penetrali.
685 690 775 768 Quid
803 690 923 771 refert,
958 689 1133 796 adquam
1165 697 1291 782 pacato
1316 689 1395 759 loca

319 829 480 901 vonerint
500 828 630 899 bellum
647 828 761 899 trahis
777 833 905 910 tecum,
927 827 973 897 ad
998 849 1102 921 quam
1125 826 1262 920 quietat
1281 827 1395 897 turbae

320 952 450 1039 nircum
475 975 523 1050 to,
544 967 614 1037 imo
641 966 678 1036 in
704 973 739 1038 to
762 972 857 1038 sant.
877 967 1019 1058 Pugnat
1039 964 1131 1035 enim
1157 964 1396 1058 pugnabitque

321 1128 439 1176 secum
454 1126 593 1196 semper
603 1104 738 1174 discors
752 1087 809 1174 hio
822 1103 973 1185 animun
986 1103 1196 1196 appetendo,
1215 1103 1392 1195 fugiendo,

322 1242 508 1336 sperando,
538 1242 772 1335 desperando.
802 1241 917 1334 Atque
947 1247 987 1311 ut
1015 1241 1040 1310 ii
1065 1240 1124 1333 qui
1150 1262 1212 1332 por
1236 1241 1397 1311 timorem

321 1387 424 1472 terga
439 1386 595 1460 vertunt,
617 1379 732 1471 magis
759 1385 937 1472 exponunt
959 1401 996 1448 so
1018 1377 1173 1471 periculo
1196 1379 1345 1449 intentos
1363 1387 1397 1449 et

322 1539 467 1587 aversos
486 1541 492 1587 :
516 1516 567 1587 sio
584 1539 729 1587 errones
748 1523 784 1588 et
807 1517 940 1588 tironos
958 1516 1031 1598 isti,
1053 1515 1178 1607 quibus
1198 1539 1275 1586 cum
1294 1515 1396 1587 affec·

321 1656 416 1727 tibus
430 1679 607 1749 nunquam
621 1677 741 1749 pugna
754 1655 832 1738 fuit,
850 1656 912 1726 sod
926 1659 1062 1725 tantam
1076 1653 1173 1744 fuga.

372 2620 419 2691 At
436 2628 487 2703 tu,
509 2621 726 2704 adolescenS,
749 2623 778 2694 si
799 2646 854 2693 mo
874 2623 1009 2704 audies,
1032 2622 1143 2694 stabis
1166 2649 1174 2693 ε
1196 2631 1232 2694 et
1249 2623 1397 2715 gradum

323 2759 482 2831 firmabis
496 2767 620 2831 contra
637 2760 729 2831 huno
746 2760 879 2832 doloris
898 2760 1047 2833 hostem.
1066 2761 1288 2833 Coasaaaaan
1307 2761 1399 2831 onim

326 2897 387 2969 tibi
402 2903 483 2968 anto
501 2899 618 2969 omnia
642 2922 730 2992 opus
755 2927 761 2970 :
786 2907 821 2971 et
838 2900 951 2971 victor
968 2899 1095 2993 aliquis
1109 2899 1298 2992 pugnando
1319 2922 1399 2970 eva-

324 3035 382 3116 sit,
403 3058 505 3106 nemo
519 3037 697 3127 fugiendo.

765 3350 870 3422 CAP.
896 3353 958 3422 IV.

325 3584 527 3664 Definitioneo
550 3584 743 3662 constantim,
759 3587 936 3656 Patientia,
956 3590 1043 3647 recta
1057 3586 1210 3664 Rationis,
1231 3586 1399 3669 opinionis.

366 3709 446 3769 Itan
468 3709 645 3770 Poroioaoia
669 3708 745 3786 qnid
766 3709 785 3770 ὰ
811 3709 989 3772 Constantia
1011 3709 1138 3789 differat
1160 3716 1189 3771 et
1209 3710 1294 3773 obeat
1308 3735 1317 3770 :
1333 3717 1360 3772 et
1382 3712 1401 3770 n

366 3831 538 3907 Patientia,
553 3831 699 3910 Atjeotio.

377 4077 603 4147 Sermoaibus
633 4077 677 4147 iis
700 4077 828 4169 Langii
858 4079 1007 4149 erectior
1037 4079 1157 4171 aliqua
1185 4088 1286 4171 parto
1318 4100 1397 4171 ego,

328 4214 411 4284 Ana
437 4221 472 4284 et
497 4214 671 4308 praeclara
697 4214 774 4286 haeo
799 4222 861 4287 tua
886 4217 1029 4299 monita,
1068 4219 1210 4310 inquam
1236 4244 1243 4287 :
1273 4218 1400 4309 etjam
1470 4208 1472 4211 ’
