3262 5190
744 527 863 589 -440
888 565 924 574 —-

291 709 529 781 testimonium
553 709 722 791 adferam,
740 717 775 779 et
795 709 932 802 quidem
953 713 971 778 i
991 709 1154 780 familiari
1175 717 1233 781 tuo
1261 711 1378 805 scrip-

291 858 367 921 tore
390 876 395 920 :
419 850 511 943 quod
525 849 628 920 velim
643 849 818 920 attendas
837 848 982 920 Tacitus
998 849 1040 919 de
1055 849 1244 920 Domitiani
1260 872 1339 921 navo
1364 877 1372 920 :

291 994 457 1077 Leqinnis
482 1012 560 1057 cuin
585 994 742 1058 Aruleno
764 993 904 1059 Rustico
922 995 1042 1058 Pectus
1064 995 1208 1072 Prason,
1234 994 1375 1058 Heren-

289 1132 348 1195 nio
367 1130 549 1197 Senecioni
566 1131 712 1196 Priscus
730 1132 915 1197 Iietoietius
928 1132 1065 1197 tunicati
1079 1137 1201 1208 essent,
1219 1133 1374 1215 capitote

287 1268 411 1349 finisse.
432 1288 495 1333 nec
507 1269 544 1333 in
564 1269 657 1352 ipsos
675 1270 775 1335 inodo
793 1277 962 1347 oztctones,
980 1270 1042 1335 sed
1055 1270 1090 1334 in
1110 1269 1218 1334 tibnos
1234 1288 1373 1353 qnoque

287 1425 408 1472 coinon
439 1409 618 1485 suenum,
653 1408 811 1492 deteqato
846 1407 1060 1472 Triunioiris
1090 1407 1298 1483 ininistenio,
1331 1415 1370 1472 nt

286 1551 513 1611 monumenta
542 1545 822 1610 etuiissimonuin
853 1546 1078 1630 inqenionuin
1102 1547 1140 1610 in
1161 1546 1300 1612 comitio
1325 1568 1371 1612 oe

284 1685 364 1765 sono
379 1689 582 1749 urerentur.
605 1683 740 1748 Scilicet
760 1683 818 1747 itto
835 1684 918 1769 ique
935 1702 1051 1748 uocem
1063 1685 1190 1768 popuii
1203 1685 1367 1761 Boinoni,

284 1827 316 1886 et
335 1821 530 1887 libertatem
548 1821 710 1900 Senatus,
731 1827 764 1886 et
782 1822 1029 1887 conscientiam
1052 1824 1195 1907 qenenis
1218 1823 1368 1888 tiutnuni

284 1960 418 2028 aboleni
434 1960 725 2028 arbitrabuntur:
743 1961 901 2045 expulsis
918 1962 1066 2044 insuper
1083 1960 1273 2044 Sapientice
1285 1981 1367 2045 pro-

281 2103 484 2186 fessoribus,
503 2109 535 2168 et
558 2104 655 2168 oiinu'
673 2100 763 2168 bona
781 2108 858 2168 onte
882 2103 919 2167 in
940 2104 1106 2167 cnsilium
1128 2109 1217 2181 acta,
1235 2106 1367 2186 nequid

251 2229 254 2233 ⁴
281 2262 430 2326 usquein
449 2243 629 2309 hoinestuni
643 2248 855 2309 occurreret.
874 2242 1043 2308 Dedimus
1053 2245 1210 2327 profecto
1223 2245 1365 2330 qroiiete

278 2382 460 2463 patientioe
484 2381 738 2456 documentum,
767 2384 799 2444 et
822 2380 912 2444 sicut
937 2385 1035 2445 uetus
1055 2386 1141 2445 cetos
1167 2381 1364 2464 viditquid

280 2519 441 2582 nltininni
464 2519 501 2582 in
525 2516 684 2583 libertate
704 2524 802 2592 esset,
830 2519 880 2584 ita
903 2537 966 2584 nos
992 2519 1077 2602 qnid
1103 2521 1141 2584 in¹
1166 2520 1361 2585 seruitute:

279 2658 440 2742 nctennqoto
460 2677 531 2742 per
548 2658 791 2741 inquisitiones
815 2658 922 2723 etiam
942 2657 1105 2740 loquendi
1124 2658 1361 2742 audiendique

277 2799 497 2864 connnercio.
521 2798 731 2863 Memoriam
754 2816 888 2880 quoque
910 2798 1025 2880 ipsam
1044 2817 1122 2862 cuni
1141 2815 1221 2863 uoce
1237 2798 1359 2882 pendi-

277 2929 458 3014 discemus,
468 2937 501 3001 si
513 2942 586 3002 tani
602 2939 638 3002 in
647 2942 819 3021 potestate
831 2942 952 3001 nostro
966 2943 1053 3002 esset
1067 2936 1232 3013 oblivisci,
1251 2957 1359 3020 quain

279 3081 408 3143 tacere.

682 3420 786 3492 CAP.
816 3421 954 3492 XXVI.

275 3661 432 3721 Postremo
445 3655 565 3719 doctum
579 3674 638 3718 non
652 3658 734 3718 mire
748 3661 804 3720 aut
819 3675 896 3718 novo
907 3675 967 3720 esse
983 3658 1043 3721 inec
1057 3660 1145 3722 Mota
1160 3682 1169 3720 :
1185 3661 1358 3724 tonninibns

310 3780 508 3861 qoutitusqnc
525 3778 662 3842 omnibns
677 3797 792 3858 semper
805 3782 986 3843 coinmnnie.
1005 3787 1033 3844 ct
1051 3783 1196 3847 solatium
1217 3786 1251 3846 in
1271 3803 1305 3847 eu
1323 3805 1357 3847 rc

314 3905 487 3984 quesitum.

321 4124 396 4194 Nec
426 4123 553 4196 adtcxo
586 4124 689 4216 plura
724 4125 767 4194 de
802 4125 1086 4231 Comparatione.
1122 4127 1167 4197 ad
1202 4127 1353 4201 alterum

272 4263 438 4354 Legionis
449 4287 536 4335 meae
551 4287 676 4356 agmen
692 4264 806 4347 venio,
818 4266 910 4359 quod
924 4274 1106 4360 oppugnat
1119 4267 1322 4339 Novitatem
1342 4295 1348 4338 :
