3204 5174
735 463 917 525 -310-

278 670 383 733 quem
406 652 500 716 bruta
518 651 615 714 rocetta
629 649 849 734 permittere.
872 641 964 719 Quid
986 639 1078 711 enim
1101 661 1141 709 eo
1161 635 1362 730 sapientius

278 795 339 857 aut
358 785 495 868 melina,
513 785 605 879 quib
623 785 715 855 malo
730 785 859 855 bonum
873 788 989 876 potest
1006 779 1145 858 elicere,
1162 783 1196 846 et
1214 782 1362 868 reperta

277 925 322 996 ad
337 926 672 1019 perniciemvertere
690 925 734 996 ad
750 923 921 995 saluteml
936 921 1113 992 Medicum
1127 940 1263 1012 quoque
1277 916 1359 986 lau-

275 1065 353 1146 das,
375 1065 433 1159 qui
448 1066 632 1138 Theriacae
652 1088 726 1137 suae
744 1065 901 1159 viperam
915 1061 1097 1141 admiscet,
1120 1056 1358 1129 saluberrimo

275 1204 399 1275 effectu
413 1228 419 1273 :
433 1203 468 1275 in
483 1205 548 1275 deo
564 1228 627 1276 cur
643 1204 833 1298 improbes,
856 1202 886 1273 si
900 1202 1090 1295 pharmaco
1105 1199 1185 1269 huic
1199 1195 1356 1267 cladium

273 1342 445 1414 humanas
471 1343 641 1437 quasdam
667 1365 778 1413 noxas
804 1342 1028 1435 intemperat,
1056 1339 1131 1411 sine
1152 1347 1213 1410 tua
1234 1340 1353 1408 noxat

273 1481 443 1574 Decoquit
456 1481 550 1551 enim
567 1489 661 1552 certe
679 1488 714 1552 et
732 1479 906 1551 consumit
924 1480 1125 1572 adjunctum
1144 1477 1230 1547 illud
1246 1499 1353 1547 omne

270 1620 378 1702 viruS,
396 1644 527 1693 arcano
546 1622 697 1715 quodam
722 1621 960 1693 Providentiae
980 1644 1054 1691 suae
1073 1620 1168 1711 igne.
1190 1617 1352 1711 Denique

270 1759 315 1829 ad
328 1762 520 1853 potentiam
538 1762 614 1855 ejus
632 1762 697 1834 hoo
715 1763 799 1834 iacit
817 1778 851 1834 et
869 1761 1032 1854 gloriam,
1059 1784 1126 1855 quo
1148 1761 1351 1831 necessario

269 1899 387 1970 omnia
405 1900 480 1994 ipse
499 1902 620 1974 refert.
639 1901 731 1980 Quid
745 1901 838 1973 enim
852 1901 965 1994 magis
980 1901 1051 1971 vim
1069 1901 1143 1994 ejus
1158 1898 1347 1994 exprimat,

268 2059 371 2129 quam
390 2039 482 2131 quod
505 2062 575 2110 non
595 2041 713 2129 vincat
740 2041 853 2112 solum
872 2040 1093 2111 obluctantes
1115 2040 1181 2110 sibi
1208 2039 1346 2120 hostes,

267 2176 328 2245 sed
346 2175 398 2247 ita
421 2177 539 2249 vincat
557 2186 595 2250 ut
615 2180 661 2250 ad
678 2203 716 2250 se
734 2180 909 2260 traducat,
931 2187 966 2251 et
992 2201 1056 2249 sua
1071 2179 1209 2249 castrat
1229 2184 1267 2248 ut
1281 2201 1349 2271 pro

265 2310 342 2404 ipso
361 2315 533 2388 militanti
553 2327 591 2389 ut
608 2342 708 2389 arma
729 2342 792 2412 pro
818 2319 966 2390 victoria
986 2314 1064 2411 ejus'
1082 2318 1222 2389 ferant'i
1241 2317 1348 2396 Quod
1445 2338 1455 2355 ·

265 2453 381 2525 evenit
399 2457 553 2539 cottidie,
572 2481 649 2529 cum
666 2459 702 2528 in
718 2459 819 2530 malis
847 2460 902 2531 dei
925 2461 1088 2532 voluntas
1112 2460 1164 2543 fit,
1186 2460 1252 2533 etsi
1271 2484 1346 2534 non

264 2593 407 2665 amalis
429 2621 436 2666 :
459 2620 594 2669 cumea
616 2623 695 2693 quae
716 2607 839 2671 contra
855 2602 1072 2674 voluntatem
1098 2603 1172 2695 ejus
1191 2601 1344 2695 improbi

262 2731 412 2818 iaciunt,
444 2736 495 2807 ita
522 2737 652 2822 flectit,
684 2747 720 2810 ut
747 2764 817 2812 nou
844 2741 930 2811 fiant
957 2750 1074 2813 tanren
1106 2751 1236 2835 praeter
1265 2743 1344 2834 ejus

262 2871 489 2948 voluntatem.

309 3446 352 3515 Et
372 3446 465 3539 quod
482 3455 598 3540 potest
617 3450 790 3543 insignius
810 3453 1016 3525 miraculum
1038 3480 1144 3543 quom
1167 3468 1204 3527 ut
1226 3464 1339 3528 raetos

263 3589 350 3652 oreti
366 3588 471 3654 bonos
487 3587 692 3684 facium(¹)?
711 3592 814 3671 Ecce,
832 3592 917 3663 ades
935 3592 1144 3686 paullum‘tu
1162 3599 1201 3668 C.
1214 3598 1338 3669 Caesar

257 3720 326 3800 abi,
361 3730 396 3792 et
422 3724 490 3794 duo
517 3736 641 3798 sancta
670 3730 814 3800 nomina
836 3707 941 3802 wsimul
968 3735 1146 3817 conculca,
1176 3735 1336 3808 Patriam

256 3860 515 3954 Generumque.
537 3865 692 3938 Ambitio
706 3869 784 3940 haec
802 3877 874 3950 tua,
893 3879 926 3941 te
940 3871 1078 3963 ignaro,
1097 3875 1161 3945 deo
1176 3875 1330 3947 serviet:

258 3996 1332 4107 imopatriaeserviet‚contraquamsumpta‘.Reparatioeuim

284 4223 313 4284 (¹)
332 4220 428 4274 llobcr.
