3262 5190
771 505 954 567 -1302—

318 685 392 777 jam
408 684 538 755 mensis
559 684 678 755 Iunius
698 690 786 779 erut)
805 685 899 756 domi
913 686 1040 779 ejusin
1054 687 1145 757 atrio
1164 687 1399 759 inambulare·
1479 750 1482 755 .

324 845 401 894 mus
423 847 430 892 :
452 822 627 916 quaesivit,
650 831 688 894 ut
707 822 759 906 fit,
783 823 946 895 blandius
965 824 1009 896 de
1028 824 1154 895 itinere
1177 849 1254 896 meo
1273 827 1400 918 atejus

324 961 472 1034 caussis,
489 961 553 1033 cai
567 984 646 1033 cum
659 985 726 1055 ego
743 963 787 1034 de
801 963 913 1035 turbis
928 963 1134 1056 Belgarum,
1153 965 1196 1036 de
1212 966 1401 1037 insolentia

325 1103 580 1175 Praefectorum
594 1111 630 1174 et
642 1103 805 1184 militum,
816 1103 927 1175 libere
938 1110 976 1174 et
988 1127 1071 1175 vore
1084 1104 1195 1175 multa
1205 1104 1372 1176 dixissem
1390 1132 1396 1174 ε

324 1241 443 1312 addidi
460 1248 651 1335 postremo,
662 1242 810 1335 praetexi
825 1245 847 1312 a
860 1264 915 1313 me
930 1241 1050 1323 aliam,
1063 1242 1126 1313 sed
1138 1243 1230 1313 hanc
1242 1242 1400 1313 intimam

324 1403 403 1452 esse
421 1381 599 1452 discessus
612 1381 680 1452 mei
694 1403 869 1485 caussam.
887 1381 975 1458 Quis
989 1382 1081 1452 enim
1096 1382 1223 1474 Longi,
1240 1382 1395 1475 inquam,
1491 1393 1493 1398 “

324 1527 396 1590 tam
419 1518 521 1590 firmo
539 1525 575 1590 et
595 1525 668 1590 tam
690 1519 805 1590 ferreo
823 1526 977 1613 pectore,
1003 1518 1222 1613 quidiutius
1245 1521 1400 1593 ferendis

324 1658 367 1729 iis
386 1657 488 1728 malis
507 1658 574 1729 sitl
603 1659 780 1728 lactamur
791 1656 867 1749 jam
885 1664 938 1728 tot
955 1680 1081 1739 annos
1104 1664 1142 1729 ut
1156 1657 1267 1741 vides,
1289 1658 1399 1730 bello·

324 1821 402 1869 rum
420 1797 573 1869 civilium
599 1805 690 1869 aestu
714 1823 721 1869 ε
743 1803 790 1878 et,
812 1803 851 1867 ut
877 1797 914 1867 in
940 1797 1075 1868 undoso
1099 1798 1201 1879 mani,
1232 1807 1302 1869 non
1327 1820 1396 1868 uno

325 1946 430 2008 vento
449 1937 627 2030 agitamur
646 1937 833 2019 turbarum
858 1935 1152 2030 seditionumque.
1175 1938 1294 2010 Otium
1316 1936 1401 2009 mihi

325 2075 421 2147 condi
440 2083 476 2148 et
494 2076 594 2170 quies
604 2078 618 2148 'l
644 2077 739 2148 tubae
764 2075 1002 2170 interpellant,
1032 2083 1067 2149 ct
1090 2076 1259 2171 strepitus
1286 2099 1402 2147 anno-

325 2238 416 2286 rum.
439 2215 544 2287 Horti
562 2222 597 2286 et
624 2216 730 2285 rura'l
754 2213 854 2285 miles
869 2220 904 2284 et
921 2212 1070 2283 sicarius
1089 2214 1266 2319 compellit
1287 2214 1324 2284 in
1344 2237 1399 2284 ur-

326 2355 416 2425 bem.
439 2355 560 2449 ltaque
578 2362 712 2425 certum
730 2352 828 2434 mibi,
852 2351 987 2444 Langi‚
1004 2350 1128 2422 relicta
1146 2351 1213 2422 hac
1226 2352 1355 2445 infesta
1367 2361 1403 2423 et

325 2491 480 2563 infausta
496 2491 643 2584 Belgica
668 2491 841 2585 (ignoscat
861 2489 947 2561 mihi
964 2490 1090 2583 genius
1112 2489 1249 2584 patriae)
1266 2495 1326 2585 γῆν
1343 2494 1401 2582 πρὸ

324 2634 397 2724 γῆς.
419 2629 535 2701 utillo
561 2630 629 2714 ait;
651 2639 687 2701 et
703 2629 827 2723 quovis
853 2635 1031 2700 terrarum
1055 2628 1243 2721 fugere-
1262 2632 1321 2698 abi
1338 2654 1401 2699 nec

325 2774 578 2859 Pelopidarum
591 2773 689 2857 facta
706 2793 817 2858 neque
829 2792 957 2839 noman
975 2772 1134 2839 audiam.
1153 2800 1159 2808 ·

297 3559 300 3563 .
376 3472 533 3564 Langius
547 3471 727 3543 admirans
741 3477 777 3543 et
791 3471 887 3542 volut
901 3469 1073 3541 excitatus
1091 3495 1098 3541 :
1119 3472 1218 3541 Itane
1234 3477 1272 3542 tu
1287 3469 1399 3565 Lipsi,

327 3613 451 3707 inquit,
469 3613 577 3684 abeas
591 3612 747 3684 anobis?
760 3611 792 3683 A
805 3610 918 3692 vobis,
931 3610 1087 3704 inquam.
1099 3619 1161 3682 aut
1174 3618 1268 3682 certe
1279 3611 1323 3682 ab
1338 3611 1404 3681 hac

327 3751 410 3821 vita.
433 3750 534 3828 Quod
562 3749 653 3820 enim
687 3748 858 3820 malorum
885 3747 1033 3818 istorum
1064 3746 1245 3839 effugium,
1275 3747 1342 3818 nisi
1369 3747 1404 3815 in

326 3891 432 3981 sugat
448 3890 540 3960 Nam
560 3897 597 3959 ut
618 3888 756 3958 videam
774 3887 844 3958 ista
862 3887 1004 3958 cottidie
1027 3895 1062 3956 et
1087 3886 1211 3967 leram,
1230 3909 1298 3957 non
1324 3908 1403 3979 pos-

328 4052 417 4106 sum,
437 4027 550 4118 Langi
570 4052 575 4095 :
600 4049 662 4097 nec
681 4025 827 4120 chalybs
851 4025 977 4118 aliquis
997 4025 1081 4096 mihi
1102 4025 1195 4096 circa
1214 4034 1347 4117 pectus.
