3262 5190
719 483 905 546 -no-

272 674 390 735 tumen
413 665 511 734 visne
535 664 691 757 paullum
717 664 984 757 peregrinemur
1005 684 1068 753 per
1091 660 1187 731 orbis
1208 661 1366 752 partes?

271 829 405 877 eamus.
426 805 457 875 A
483 806 613 875 Judaea
636 805 829 886 ordiamur,
851 804 886 873 id
911 811 965 873 est
988 806 1010 872 d
1030 802 1173 893 regione
1195 808 1229 871 et
1247 809 1367 892 gente

272 967 387 1014 sacra.
409 943 541 1013 Omitto
568 966 647 1036 quae
666 943 701 1011 in
718 943 877 1035 AEgypto
900 939 1009 1033 passi,
1031 961 1110 1032 quoe
1129 947 1208 1031 post
1225 961 1365 1010 exces-

272 1105 349 1152 sum
380 1080 424 1150 ab
454 1082 612 1174 AEgypto
647 1105 653 1149 :
684 1079 815 1149 tradita
841 1079 934 1149 enim
968 1078 1046 1148 heee
1081 1086 1117 1147 et
1135 1084 1301 1170 prompto
1320 1076 1365 1146 in

271 1220 398 1290 divinis
425 1219 525 1290 libris
555 1244 561 1288 :
585 1218 630 1288 ud
650 1226 808 1289 extrema
827 1218 942 1298 venio,
972 1225 1007 1287 ot
1028 1238 1107 1309 quae
1125 1238 1204 1286 oum
1230 1215 1365 1285 sunere

271 1381 392 1430 eorum
431 1357 629 1450 conjuncta.
672 1356 772 1432 Quoe'
795 1378 912 1448 operue
949 1355 1032 1424 mihi
1068 1361 1139 1435 est,
1178 1361 1215 1423 ut
1250 1376 1365 1446 expo-

272 1521 353 1567 nam
378 1496 475 1597 velut
501 1519 564 1590 per
582 1494 744 1576 indicem,
766 1494 986 1586 singillatim.
1009 1494 1113 1564 Pessi
1132 1493 1241 1584 igitur
1260 1493 1363 1564 eivili

272 1645 486 1730 externoque
504 1637 610 1717 bello,
632 1659 702 1706 non
722 1636 805 1706 totio
824 1644 959 1728 septem
974 1634 1090 1717 annis,
1109 1634 1202 1705 ista:

271 2386 457 2464 Hieroiymis
471 2386 604 2464 priunum
621 2385 782 2454 interfecti,
797 2385 885 2462 jussu
901 2385 925 2443 F
927 2385 992 2457 lori,
1008 2386 1144 2445 sercenti
1161 2385 1306 2461 trininno.

271 2505 417 2565 Caesarem
446 2507 484 2565 ab
509 2505 626 2578 innodo,
647 2506 715 2565 odio
742 2506 842 2583 gentis
863 2514 894 2566 et
921 2506 1087 2585 religionis,
1114 2525 1176 2565 uno
1203 2512 1361 2584 tempore,

355 2627 469 2702 eiqinti
490 2626 602 2686 nullia.

276 2744 449 2822 Scythopoii
465 2744 569 2824 (Omine
585 2745 679 2823 Syrien
692 2745 765 2804 urbs
778 2745 848 2823 est),
866 2746 1010 2805 tredecim
1024 2747 1139 2804 nullia.

275 2863 424 2923 Ascatone
444 2864 475 2922 in
491 2864 663 2937 Peizestirm,
683 2864 757 2923 item
780 2864 818 2923 ab
840 2864 956 2936 incutio,
974 2866 1035 2924 dito
1055 2866 1158 2925 merua
1179 2867 1359 2943 quiunenti,

276 2984 464 3042 Ptolemaide
479 2983 603 3061 puriter,
620 2985 681 3042 duo
697 2986 810 3043 undio.

276 3103 467 3162 Alexandriae
487 3104 518 3161 in
534 3104 681 3182 ¹dignito,
697 3105 753 3163 sub
774 3105 894 3164 Tiberio
910 3105 1082 3165 Alexandro
1097 3106 1239 3178 Praeside,
1257 3110 1359 3185 quin-

357 3223 511 3296 quenium
532 3221 646 3279 millio.

277 3340 429 3413 Domuum,
450 3341 553 3398 decern
576 3341 688 3400 nrilliu.

327 3512 441 3606 Atque
482 3513 559 3583 heeo
592 3514 687 3584 velut
720 3537 784 3607 per
820 3517 1024 3587 seditionem
1062 3525 1123 3588 aut
1168 3519 1361 3592 tumultum

278 3658 392 3743 gesta.

329 3797 503 3888 Legitimo
518 3798 643 3869 deinde
657 3807 691 3870 et
710 3806 832 3892 operto
851 3804 872 3868 d
891 3801 1062 3872 Romanis
1082 3802 1173 3872 bello
1192 3828 1198 3872 ε

279 3982 372 4060 Joppe
385 3989 473 4059 capta
486 3984 504 4041 ἒι
517 3982 603 4041 Cesio
616 3983 705 4042 Floro
718 3984 798 4055 emsi,
815 3992 878 4043 octo
897 3986 997 4044 millio
1012 3994 1038 4045 et
1053 3987 1160 4046 CCCC.

279 4099 313 4160 In
333 4107 437 4159 monte
458 4101 590 4179 quodum
611 4102 774 4176 Contione,
790 4104 851 4163 duo
870 4107 984 4166 millio.

280 4218 315 4278 In
331 4238 433 4298 pugna
446 4220 483 4279 ud
498 4220 689 4294 Ascalonem,
707 4222 811 4282 decent
834 4224 945 4283 mittio.
