3262 5190
769 481 956 546 -148-

327 666 423 731 staro
441 681 549 731 conor
567 665 602 732 et
620 661 826 754 adsurgere,
849 661 924 744 sed,
945 668 984 733 ut
1000 661 1024 732 ii
1042 662 1116 734 fere
1139 663 1198 758 qui
1217 663 1252 735 in
1271 666 1405 739 somnis

325 798 508 883 laborant,
537 821 629 871 vano
655 799 748 872 nisu.
786 779 966 872 Revolvor
992 801 1084 872 enim
1111 801 1243 895 Langi,
1276 805 1406 899 nequid

327 939 490 1020 mentiar,
507 938 709 1010 idemtidem
730 939 774 1010 ad
793 962 907 1011 meam
927 948 1060 1011 terram
1082 966 1088 1010 :
1117 949 1152 1012 et
1169 941 1306 1015 haerent
1324 943 1405 1016 fixae

327 1077 445 1149 animo
468 1078 618 1171 publicae
641 1078 859 1173 privataeque
884 1102 992 1151 curae.
1023 1081 1090 1161 Tu,
1119 1080 1148 1150 si
1175 1089 1287 1174 potes,
1315 1085 1406 1175 pelle

328 1218 440 1288 malas
454 1239 537 1288 aves
551 1241 631 1312 quae
650 1242 705 1290 me
722 1219 904 1290 lancinant
927 1245 933 1290 :
958 1227 993 1290 et
1011 1218 1127 1290 vincla
1145 1219 1406 1294 solicitudinum

326 1357 440 1438 deme,
456 1356 582 1449 quibus
596 1357 631 1427 in
649 1356 716 1428 hoc
734 1357 893 1428 Caucaso
912 1357 1005 1428 lente
1022 1357 1128 1449 ligor.

378 1511 535 1603 Langius
556 1511 654 1583 vultu
677 1511 799 1594 alacri,
822 1512 899 1604 Ego
924 1534 1007 1583 vero
1029 1511 1180 1594 demam,
1201 1512 1343 1606 inquit:
1370 1521 1406 1586 et

327 1671 439 1720 novus
450 1649 622 1720 Hercules
636 1649 770 1720 solvam
780 1648 873 1719 hunc
887 1648 1148 1720 Prometheum.
1158 1648 1311 1721 Attende
1325 1657 1404 1721 tan-

328 1797 416 1870 tum,
438 1795 473 1859 et
486 1787 641 1859 intende.
663 1788 718 1858 Ad
732 1787 976 1859 Constantiam
991 1795 1025 1858 te
1044 1789 1175 1869 vocavi,
1193 1789 1303 1883 Lipsi,
1320 1797 1355 1860 et
1368 1789 1404 1859 in

325 1948 368 1995 ea
386 1948 484 2019 spem
498 1931 533 1996 et
550 1924 756 2018 praesidium
773 1925 874 2018 posui
889 1933 961 1995 tuae
976 1925 1113 1996 salutis.
1133 1925 1187 1995 Ea
1201 1925 1309 2017 igitur
1323 1933 1404 1997 ante

324 2064 442 2135 omnia
459 2064 560 2136 nobis
574 2063 821 2157 cognoscenda
838 2071 904 2134 est.

375 2404 626 2476 Consrnnrrnn
644 2405 702 2476 hic
719 2406 870 2499 appello,
892 2429 1036 2478 anorum
1055 2428 1098 2477 nr
1115 2428 1281 2477 uiuorum
1300 2429 1403 2476 nrnnr

324 2566 463 2624 aoaua,
499 2567 572 2615 non
614 2568 719 2615 nnnm
762 2567 938 2616 nxrnnnis
976 2555 1046 2616 nur
1084 2566 1290 2644 sonamus,
1331 2567 1403 2615 non

325 2703 510 2754 nnrnnssn
532 2682 657 2754 Robur
674 2682 765 2767 dixi3
793 2690 828 2753 et
852 2683 1019 2775 intellego
1044 2681 1296 2753 firmitudinem
1321 2681 1405 2752 insi·

324 2829 398 2893 tam
421 2822 551 2904 animo,
574 2846 644 2893 non
671 2823 715 2894 ab
740 2823 926 2917 Opinione,
957 2821 1019 2893 sed
1046 2820 1220 2914 ajudicio
1247 2828 1282 2892 et
1308 2828 1405 2891 recta

324 2964 490 3035 Ratione.
509 2964 699 3034 Exclusam
714 2964 806 3033 enim
827 2971 908 3033 ante
927 2961 1045 3061 omnia
1063 2960 1141 3031 volo
1165 2959 1403 3031 Pervicaciam

324 3102 415 3194 (sive
432 3123 474 3171 ea
492 3101 617 3171 melius
636 3100 838 3169 Pertinacia
858 3100 987 3170 dicitur
1007 3098 1034 3192 :)
1054 3122 1132 3192 quae
1151 3107 1186 3170 et
1203 3098 1281 3192 ipsa
1294 3098 1402 3169 obsti·

323 3237 397 3307 nati
417 3237 524 3306 animi
544 3237 651 3307 robur
665 3245 731 3317 est,
750 3237 848 3307 seda
867 3237 1042 3328 superbiae
1058 3245 1118 3308 aut
1131 3238 1256 3329 gloriae
1271 3245 1375 3309 vento
1392 3263 1398 3306 z

323 3383 358 3447 et
381 3375 491 3446 robur
512 3374 618 3446 etiam
642 3375 814 3445 duntaxat
836 3375 871 3444 in
894 3397 965 3444 una
991 3382 1104 3466 parte.
1128 3375 1283 3468 Deprimi
1310 3375 1403 3447 enim

322 3514 416 3586 haud
434 3513 537 3586 facile
558 3514 682 3585 tumidi
702 3513 761 3585 isti
780 3522 815 3585 et
833 3514 1033 3607 pervicaces
1052 3521 1212 3606 possunt,
1238 3513 1403 3583 facillime

323 3655 436 3725 attolli
454 3680 460 3725 :
477 3678 545 3725 non
561 3655 665 3725 aliter
678 3677 782 3747 quam
796 3655 942 3736 culleus,
958 3654 1016 3747 qui
1031 3667 1134 3723 vento
1151 3652 1293 3723 inflatus
1306 3674 1402 3744 aegre

322 3793 506 3885 mergitur,
541 3793 778 3886 supereminet
811 3802 930 3865 autem
956 3801 991 3865 et
1025 3792 1143 3863 exsilit
1173 3815 1234 3862 sua
1262 3800 1398 3885 sponte.
1446 3794 1449 3798 ’

322 3931 420 4001 Talis
439 3932 530 4001 enirn
551 3932 699 4002 istorum
714 3938 860 4002 ventosa
874 3932 951 4002 haec
968 3931 1116 4001 durities
1137 3938 1191 4000 est
1208 3955 1214 4000 :
1233 3930 1288 3999 cui
1302 3931 1401 4022 origo

322 4073 345 4138 a
364 4069 549 4162 Superbia,
571 4076 609 4139 ut
627 4068 712 4150 dixi,
735 4077 769 4140 et
788 4069 894 4139 nimio
913 4069 1026 4162 pretio
1045 4068 1113 4148 sui,
1135 4067 1244 4159 igitur
1258 4067 1303 4138 ab
1322 4068 1403 4160 Opi-

323 4207 440 4278 nione.
