3262 5190
723 504 907 566 —3224—

697 805 801 878 CAP.
832 806 931 876 Vlll.

275 1026 378 1106 llopls
388 1024 529 1086 distincte
543 1024 704 1101 definitus
718 1024 804 1104 ipsis,
822 1040 869 1084 eos
882 1023 1019 1103 triplices
1031 1039 1106 1083 csse:
1118 1030 1146 1085 et
1165 1023 1230 1102 qui,
1246 1022 1354 1101 pullus

215 1216 218 1221 ,
315 1147 503 1210 mercatust.
521 1147 594 1207 Mos
606 1147 831 1226 pretiositates
847 1147 883 1208 de
903 1147 1063 1209 Exercitio
1079 1146 1160 1226 quod
1176 1147 1275 1208 Bonis
1293 1163 1353 1207 nore

314 1289 373 1333 uuo
385 1269 606 1350 modoprodest,
615 1269 785 1347 firmando,
799 1269 962 1346 prebendo,
973 1270 1148 1345 preeundo.

324 1490 426 1569 Quod
440 1491 469 1561 si
494 1492 548 1561 fas
575 1489 659 1560 mihi
673 1489 752 1560 vela
769 1490 938 1583 pandere,
960 1497 995 1559 et
1020 1489 1137 1559 navim
1166 1488 1353 1559 immittere

275 1637 380 1708 altius
395 1636 430 1706 iu
443 1636 509 1707 hoc
524 1634 849 1706 rerumdivinarum
860 1635 1007 1705 fretum:
1025 1635 1157 1728 possim
1173 1634 1354 1707 defiuibus

276 1775 361 1869 ipsis
375 1799 535 1869 promere
549 1773 711 1844 fortassis
729 1773 862 1866 aliquid
878 1773 991 1867 magis
1006 1773 1137 1844 diserte
1152 1782 1187 1844 et
1199 1782 1351 1844 exserte.

277 1913 501 1985 Homericum
520 1920 637 1983 tamen
656 1910 742 1981 illud
756 1910 841 2002 jure.
853 1911 1037 2004 praefatus

455 2083 487 2140 Ei
502 2081 614 2160 δύναμαι
627 2082 686 2140 τελέ
701 2105 744 2139 σαι
757 2105 798 2160 γε,
817 2087 861 2140 καὶ
875 2085 896 2139 εἷ
906 2081 1089 2157 τετελεσμένον
1104 2081 1169 2145 iezi.

275 2264 364 2334 Sunt
382 2263 473 2333 enim
492 2286 534 2333 ex
553 2263 610 2344 iis,
633 2285 720 2356 quos
743 2263 830 2333 satis
860 2270 956 2334 certo
988 2260 1289 2354 comprehendere
1321 2269 1355 2332 et

276 2400 417 2493 signare
435 2425 539 2494 posse
556 2402 678 2472 videor
700 2427 706 2471 :
726 2409 819 2484 sunt,
841 2424 929 2494 quos
950 2400 1115 2493 ambigue
1130 2409 1165 2470 et
1184 2395 1353 2492 adspectu

276 2538 433 2610 confuso

325 2711 354 2781 E
379 2710 484 2781 certis
499 2711 533 2780 hi
550 2719 650 2782 tres:
680 2712 889 2794 Exerceudi,
920 2712 1138 2805 castigandi,
1168 2710 1349 2803 puniendi.

277 2850 450 2943 Pleraque
467 2850 559 2921 enim
576 2851 646 2922 ista
659 2852 829 2923 immissio
847 2852 1013 2933 cladium,
1035 2852 1065 2922 si
1093 2850 1261 2930 attendis,
1292 2856 1353 2919 aut

275 2989 394 3059 Bonos
404 2997 555 3071 exercet,
574 2998 635 3061 aut
649 2991 785 3083 Lapsos
800 2990 965 3081 castigat,
980 2989 1228 3082 autimprobos
1239 2986 1351 3081 punit.

275 3150 384 3219 eaque
403 3128 521 3197 omnia
538 3136 660 3198 nostro
674 3128 779 3197 bono.
809 3129 890 3198 Non
912 3135 949 3197 ut
971 3128 1155 3210 illustrem,
1178 3135 1214 3198 et
1231 3127 1355 3219 pedem

274 3262 467 3356 paullisper
479 3265 515 3367 in
532 3264 644 3356 primo
662 3264 732 3334 fine
750 3264 901 3356 defigam
919 3291 925 3335 :
956 3265 1113 3335 videmus
1132 3264 1274 3336 cottidie
1293 3286 1354 3356 op-

275 3399 379 3471 timos
393 3423 562 3494 quosque,
584 3408 646 3471 aut
659 3401 808 3487 seorsim
821 3402 932 3495 premi
950 3403 1123 3484 cladibus,
1144 3410 1205 3473 aut
1218 3400 1354 3472 hisdem

274 3538 404 3609 involvi
423 3539 556 3632 pariter
573 3562 652 3610 cum
671 3539 786 3611 malis.
809 3540 992 3622 Videmus
1015 3548 1050 3610 et
1068 3540 1249 3622 miramur,
1271 3538 1354 3632 quia

274 3700 338 3748 uec
363 3701 526 3750 caussam
545 3680 632 3750 satis
647 3679 817 3772 capimus,
839 3702 904 3750 nec
926 3679 1140 3750 attendimus
1159 3679 1205 3749 ad
1231 3678 1350 3749 finem.

274 3819 410 3886 Caussa
427 3826 545 3887 autem
563 3841 662 3888 amor
675 3819 712 3888 in
731 3842 795 3890 nos
815 3794 889 3902 dei,
906 3842 977 3890 non
995 3819 1114 3890 odium
1142 3844 1148 3889 :
1172 3818 1266 3900 finis,
1283 3841 1354 3888 nou

273 3954 373 4026 laesio
390 3967 526 4039 nostra,
546 3956 608 4027 sed
630 3957 777 4029 fructus
798 3961 819 4029 l
825 3971 907 4030 uvat
927 3960 1020 4031 enim
1045 3959 1249 4030 exercitium
1267 3958 1354 4028 illud

272 4117 343 4163 non
361 4118 431 4166 uuo
454 4096 557 4166 modo
579 4121 585 4165 :
609 4097 670 4166 sed
697 4097 845 4179 Firmat,
877 4099 1023 4179 Probat,
1046 4097 1169 4167 Praeit.
1201 4095 1349 4176 Firmat,

273 4233 354 4324 quia
381 4233 446 4303 hoo
470 4234 564 4304 velut
590 4236 815 4328 gymnasium
833 4245 898 4317 est,
926 4237 961 4305 iu
987 4259 1054 4329 quo
1080 4235 1167 4305 deus
1194 4256 1277 4304 suos
1308 4232 1353 4301 ad
