3204 5174
750 475 936 538 -lm-

305 648 439 721 hortor,
463 651 555 728 Quid
573 651 649 722 abis
671 653 717 723 ad
735 677 828 725 uana
850 663 912 726 aut
937 656 1107 750 externat
1130 654 1209 725 haee
1226 664 1281 727 est
1307 656 1384 728 sola

304 789 366 858 illa
385 789 534 872 Helena,
556 813 635 883 quaa
652 815 773 862 verum
787 793 882 864 istud
899 793 1164 886 legitimumque
1178 794 1382 887 Nepenthes

303 927 478 1020 propinet,
503 927 539 997 in
558 951 626 1022 quo
646 928 775 1001 oblivio
797 954 959 1002 curarum
981 938 1015 1003 et
1034 931 1207 1003 dolorum.
1233 932 1335 1009 Quod
1354 935 1383 1004 si

304 1064 413 1135 semel
427 1065 599 1137 demisisti
612 1075 647 1138 et
660 1067 849 1153 imbibisti;
867 1069 961 1140 altus
975 1078 1097 1141 contra
1110 1092 1249 1141 omnem
1263 1094 1383 1143 casum

303 1210 506 1286 etelectus,
528 1226 598 1276 uno
618 1212 740 1277 tenone
758 1207 958 1300 aequabilis,
979 1230 1044 1278 nee
1066 1215 1105 1279 ut
1130 1208 1166 1278 in
1183 1208 1284 1281 lance
1301 1232 1382 1302 pro·
1454 1229 1456 1234 ’

302 1341 458 1434 pendens
481 1350 542 1414 aut
560 1342 773 1436 dependens,
798 1367 964 1436 magnum
991 1346 1078 1416 illud
1100 1346 1244 1440 Deoque
1262 1348 1380 1440 proxi-

302 1503 395 1550 mum
415 1480 477 1550 tibi
494 1480 703 1562 vindicabis}
725 1482 807 1552 Non
824 1481 970 1554 moveri.

350 1978 514 2064 Vidistin’
535 1979 571 2050 in
589 1979 687 2052 scitis
701 1987 737 2052 et
755 1980 865 2052 scutis
884 1979 1114 2073 quorumdam
1136 1978 1239 2048 hodie
1259 1998 1380 2069 regum

302 2116 453 2187 sublime
478 2126 513 2188 et
539 2096 764 2189 invidendum
782 2118 882 2199 illud,
904 2123 976 2187 Nec
996 2139 1057 2203 spe
1074 2139 1137 2184 nee
1154 2121 1272 2184 iaetu?
1290 2115 1326 2184 in
1344 2122 1380 2184 te

301 2255 486 2326 conveniet
508 2279 514 2325 :
537 2257 595 2349 qui
609 2279 691 2326 vere
705 2279 780 2335 rex,
796 2276 878 2325 vere
892 2254 994 2334 liber,
1009 2252 1076 2323 soli
1090 2252 1164 2323 Deo
1176 2250 1376 2343 subjiciere,

300 2392 464 2462 immunis
483 2397 505 2463 a
527 2393 612 2486 jugo
635 2391 845 2463 Adfectuum
863 2399 898 2462 et
915 2390 1098 2462 Fortunae.
1120 2389 1170 2460 Ut
1186 2389 1283 2459 fluvii
1302 2388 1379 2481 qui-

301 2529 382 2600 dam
396 2531 581 2623 permedia
590 2531 703 2602 maria
715 2529 869 2602 transire
882 2529 1058 2609 dicuntur.
1071 2536 1106 2601 et
1120 2550 1264 2600 servare
1278 2549 1379 2598 suam

300 2654 427 2740 undam
444 2695 450 2740 :
470 2669 520 2741 sie
537 2678 576 2741 tu
590 2692 652 2762 per
664 2669 834 2741 tumultus
848 2667 1090 2750 circumfusos,
1105 2675 1143 2738 ut
1161 2665 1377 2739 salsedinem

273 2878 279 2887 ,
298 2807 432 2878 nullam
450 2807 572 2879 trahas
591 2831 633 2880 ex
651 2807 718 2879 hoe
736 2807 862 2900 pelago
881 2828 1085 2878 moerorum.
1107 2804 1267 2876 lacebisl
1287 2803 1377 2873 Con·

301 2945 434 3016 stantia
446 2953 480 3017 te
493 2946 643 3017 attollet.
656 2945 871 3016 Vacillabisl
882 2943 1081 3015 sustinebit.
1098 2941 1151 3014 Ac
1164 2944 1279 3014 laeum
1294 2964 1377 3034 pro-

297 3082 437 3172 perabis
455 3081 510 3153 vel
528 3084 574 3152 ad
598 3083 783 3174 laqueuml
803 3082 977 3152 solabitur
993 3088 1029 3151 et
1051 3079 1195 3151 reducet
1216 3084 1238 3150 a
1256 3079 1377 3149 limine

298 3219 433 3289 mortis.
451 3220 506 3289 Tu
519 3219 615 3312 eripe
631 3227 768 3290 tantum
790 3226 825 3290 et
838 3206 936 3310 erige
953 3226 999 3300 te,
1016 3225 1052 3288 et
1071 3217 1190 3287 navim
1207 3216 1310 3287 flecte
1331 3215 1377 3285 ad

303 3353 396 3425 hunc
422 3362 575 3448 portum,
600 3355 658 3426 ubi
681 3355 866 3437 securitas,
889 3355 948 3426 ubi
977 3377 1047 3448 pax
1069 3354 1206 3425 habitat
1226 3379 1232 3424 :
1255 3354 1290 3423 in
1308 3375 1376 3446 quo

298 3493 495 3585 perfugium
514 3494 719 3588 asylumque
737 3493 884 3564 eturbis
902 3499 937 3564 et
950 3496 972 3562 a
986 3492 1093 3564 euris.
1110 3492 1222 3568 Quem
1239 3492 1268 3561 si
1283 3490 1377 3562 bona

299 3631 368 3702 fide
392 3632 500 3703 semel
523 3633 694 3716 tenueris;
724 3655 794 3703 non
818 3632 936 3703 turbet
960 3630 1074 3702 solum
1091 3629 1208 3722 patria
1231 3636 1294 3699 tua
1313 3627 1375 3698 sed

299 3777 392 3850 ruat,
414 3771 523 3841 stabis
541 3771 616 3865 ipse
632 3772 873 3842 inconcussus.
891 3769 1011 3841 Nimbi
1029 3768 1159 3839 circum
1176 3775 1211 3839 te
1229 3765 1371 3845 cadant,

252 3875 255 3881 ⁵
299 3913 334 3975 et
360 3906 505 3978 fulmina
531 3917 565 3979 et
594 3915 784 4002 tempestas
816 3933 823 3977 ε
859 3904 1027 3977 elamabis
1058 3927 1143 3976 vera
1173 3925 1372 3995 magnaque

301 4067 398 4125 voce,

580 4250 587 4262 .
613 4206 721 4264 inediis
743 4204 931 4282 tranquillus
945 4205 978 4262 iu
994 4204 1097 4264 undis.
