3262 5190
731 472 915 536 -a06-

282 660 394 746 gnant
423 677 440 739 ;ι
457 642 610 723 etiamne
628 653 795 723 resistere
813 652 898 723 mihi
920 652 1013 723 ultra
1032 661 1093 724 aut
1119 676 1159 723 os
1181 654 1364 725 obvertere

201 781 205 789 ¹
282 792 425 863 audebit
456 791 630 863 exercitus
657 790 708 862 tui
734 790 891 862 doloris?
922 814 992 861 non
1019 792 1174 862 audebit.
1196 792 1287 862 Vici.
1318 793 1364 862 Et

282 953 360 999 cum
375 928 441 1000 hoc
459 928 586 1010 omine,
605 929 709 1022 signa
725 936 868 1014 canant.

273 1560 276 1565 ·
333 1516 419 1587 Cum
441 1538 562 1586 omnes
579 1514 689 1607 igitur
707 1515 879 1597 adfectus,
900 1515 1013 1609 Lipsi,
1030 1515 1090 1609 qui
1109 1515 1217 1586 vitam
1240 1515 1361 1586 huma-

283 1674 364 1723 nam
383 1653 481 1723 varie
499 1652 684 1724 incurrunt
697 1661 732 1724 et
745 1653 903 1734 turbant,
921 1653 1109 1724 adementi
1124 1660 1240 1725 mente
1258 1655 1329 1726 sint
1351 1681 1357 1724 :

281 1798 369 1873 tum,
400 1814 477 1861 meo
500 1791 631 1875 animo,
653 1791 754 1864 dolor
779 1792 992 1885 praesertim
1023 1792 1081 1886 qui
1110 1791 1154 1862 de
1182 1792 1361 1885 republica

283 1937 455 2022 sumptus.
485 1929 580 2001 Nam
606 1952 684 2000 cum
706 1930 814 2001 ceteri
838 1930 944 2001 finem
967 1930 1120 2025 aliquem
1146 1930 1300 2000 habeant
1326 1936 1360 1999 et

281 2076 451 2161 tanquam
466 2091 609 2163 scopum
620 2069 829 2164 (utamaton
841 2070 965 2162 potiri;
982 2070 1109 2150 iratus,
1123 2067 1261 2150 ulcisci;
1275 2090 1358 2138 ava-

281 2230 354 2289 rus,
376 2207 577 2300 acquirere3
598 2208 751 2300 itemque
763 2207 800 2276 in
818 2205 945 2276 ceteris
962 2207 984 2298 :)
1000 2205 1066 2276 soli
1080 2204 1161 2275 huic
1172 2204 1261 2274 nihil
1275 2227 1356 2296 pro-

279 2345 432 2436 positum
464 2344 632 2436 reperies
666 2351 798 2437 praeter
826 2344 955 2436 ipsum.
981 2343 1157 2436 Neraga
1186 2351 1220 2414 et
1245 2342 1358 2414 libera

278 2480 383 2551 nimis
400 2480 515 2551 oratio
537 2503 617 2551 mea
633 2480 692 2562 sit,
717 2481 779 2551 sed
797 2480 958 2552 adductis
976 2481 1125 2552 habenis
1142 2503 1304 2550 maneam
1321 2480 1357 2549 in

276 2618 344 2690 hoc
362 2640 452 2713 gyro
474 2644 481 2688 :
503 2640 628 2713 nempe
646 2624 684 2689 tu
702 2617 854 2711 patriam
872 2640 965 2688 nunc
986 2617 1099 2709 luges,
1125 2624 1164 2690 ut
1189 2617 1255 2698 ais,
1280 2640 1356 2687 cor-

277 2764 451 2829 ruentem.
472 2757 534 2828 sed
552 2780 622 2850 qua
639 2756 713 2828 fini.
731 2756 839 2827 cedo?
863 2763 925 2826 aut
943 2754 1027 2849 quid
1045 2778 1168 2848 speras
1186 2755 1222 2825 in
1240 2758 1282 2826 eo
1296 2764 1357 2827 aut

277 2897 440 2990 spectas?
467 2897 642 2967 Utrumne
669 2903 799 2967 utrem
821 2895 959 2989 lapsam
982 2895 1162 2986 corrigas?
1180 2896 1356 2966 labentem

274 3035 415 3105 firmes?
435 3058 480 3104 au
500 3044 537 3105 ut
556 3034 706 3104 dolendo
727 3035 966 3104 imminentem
979 3034 1105 3127 patriae
1123 3042 1259 3127 pestem
1276 3057 1355 3127 per-

275 3172 470 3265 niciemque
500 3171 679 3264 depellas?
706 3171 804 3241 Nihil
829 3171 969 3249 horum.
999 3178 1136 3242 tantum
1170 3179 1206 3241 ut
1232 3172 1355 3243 tritum

274 3310 361 3380 illud
379 3309 495 3402 possis
513 3308 643 3390 dicere,
669 3309 797 3392 Dole0;
827 3317 862 3380 et
887 3317 1006 3381 cetera
1029 3333 1142 3381 vanus
1164 3309 1355 3404 inritusque

274 3450 331 3521 hic
353 3448 467 3520 omnis
488 3449 616 3520 luctus.
647 3447 715 3519 Rei
739 3447 833 3518 enim
858 3449 1052 3540 praeteritae
1076 3449 1108 3520 is
1134 3457 1219 3520 est:
1250 3472 1354 3542 quam

274 3589 484 3683 reprendere
503 3595 538 3658 et
556 3586 721 3657 infectam
742 3586 903 3668 reddere,
929 3610 973 3657 ne
992 3587 1058 3658 diis
1077 3586 1216 3682 quidem
1235 3574 1353 3657 volue-

273 3736 356 3797 runt
376 3749 454 3797 esse
471 3725 507 3795 in
527 3749 650 3796 menu.=
669 3725 715 3795 Et
729 3747 840 3795 vanus
858 3727 1015 3796 tantum?
1034 3725 1104 3797 imo
1122 3726 1274 3797 fortasse
1292 3724 1354 3794 im-

271 3867 367 3960 piu0‚
386 3866 414 3936 si
434 3889 506 3935 rern
525 3865 656 3958 pendes
670 3861 905 3956 aequajudicii
919 3863 1032 3934 lance.
