3262 5190
715 420 758 474 -'
777 432 837 494 316
859 468 899 477 -

265 612 383 693 Istius
416 610 652 705 Tyrannides
688 610 802 692 Bella,
831 611 1101 704 Oppressiones
1134 613 1271 685 Caedes,
1303 616 1341 685 In

263 750 333 822 illis
360 773 450 843 pura
472 749 590 820 omnia
614 757 648 820 et
674 748 821 843 liquida,
843 750 925 844 quia
944 751 1084 822 haustae
1108 757 1127 823 ὀ
1152 755 1341 845 purissimo

261 889 369 961 sonte.
391 889 426 959 in
444 888 535 970 istis,
558 887 715 960 sordium
733 888 925 960 admixtum
942 889 1076 983 aliquid
1094 914 1164 961 non
1188 916 1341 985 negave-

261 1030 341 1112 rim,
362 1028 445 1122 qnia
464 1029 575 1121 lapsae
593 1035 627 1099 et
645 1028 816 1100 derivatae
830 1053 893 1123 per
905 1030 1082 1123 impurum
1099 1030 1193 1102 hunc
1211 1032 1339 1105 Adfec-

261 1176 360 1238 tuum
378 1166 551 1238 canalem.
582 1168 698 1239 Homo
724 1167 769 1238 iis
793 1169 1010 1240 intervenit:
1033 1171 1116 1264 qnid
1134 1172 1288 1255 miraris,
1311 1174 1341 1244 si

261 1330 355 1379 noxa
372 1316 407 1379 et
425 1309 627 1401 peccatum?
647 1308 739 1379 lllud
758 1307 889 1380 mirare
908 1309 1039 1401 potius,
1061 1312 1154 1403 quod
1172 1318 1244 1404 tam
1262 1335 1341 1404 pro-

125 1514 131 1524 ,
171 1452 182 1541 ᾗ
259 1449 342 1519 vida
355 1448 411 1519 dei
426 1448 626 1541 benignitas
641 1457 707 1530 est,
730 1457 768 1519 ut
786 1449 882 1519 illam
901 1449 1014 1542 ipsam
1033 1472 1161 1520 noxam
1189 1450 1224 1520 in
1246 1450 1340 1520 salu-

261 1595 330 1658 tem
344 1595 502 1659 nostram
517 1594 646 1667 vertat,
668 1595 703 1658 et
721 1594 904 1679 peccatum
922 1587 958 1657 in
972 1587 1116 1658 bonum.
1148 1599 1154 1611 '

310 2079 419 2150 Vides
428 2086 618 2173 tyrannum
632 2078 743 2160 illum,
757 2077 815 2171 qui
825 2078 939 2149 minas
952 2078 1270 2172 spiratetcaedem't
1286 2079 1340 2148 cui

261 2216 423 2309 voluptas
436 2240 563 2287 nocere
577 2218 651 2287 estt
670 2218 729 2309 qui
747 2218 863 2310 perire
878 2218 953 2310 ipse
967 2225 1077 2311 optet,
1095 2218 1177 2287 dum
1191 2218 1338 2311 perdat?

263 2355 359 2427 Sine.
381 2356 601 2426 aberrabitis
619 2377 684 2425 sua
706 2363 821 2426 mente
843 2379 850 2423 :
872 2363 907 2426 et
928 2356 1013 2426 deus
1032 2356 1168 2426 occulto
1187 2355 1339 2449 quodam

262 2497 344 2566 sune
375 2495 524 2565 inscium
559 2494 776 2587 invitumque
807 2495 924 2578 trahet
954 2497 999 2566 ad
1024 2519 1126 2566 suum
1148 2496 1266 2567 finem.
1290 2497 1339 2567 Ut

262 2635 396 2727 sagitta
412 2634 457 2704 ad
486 2633 678 2705 emittentis
706 2656 848 2727 scopum
875 2636 1061 2727 pervenit‚·
1078 2635 1153 2706 sine
1178 2635 1249 2706 ullo
1275 2659 1338 2706 suo

262 2798 368 2848 sensu
402 2798 409 2842 :
448 2773 498 2844 sic
529 2774 624 2867 impii
655 2774 726 2846 isti.
761 2775 908 2844 Frannat
937 2774 1099 2846 videlicet
1134 2781 1339 2868 coercetque

261 2917 451 2986 humanam
472 2935 609 2983 omnem
626 2913 696 2982 vim
716 2936 881 3006 suprema
902 2912 964 2983 illa
981 2914 1059 2984 vis:
1080 2923 1115 2985 et
1133 2923 1338 2985 exerrantes

261 3076 383 3126 eorum
398 3075 543 3144 gressus
562 3052 686 3145 dirigit
700 3052 746 3122 ad
765 3053 959 3124 salutarem
973 3054 1065 3124 hane
1079 3063 1221 3125 metam.
1240 3055 1338 3125 Utin

261 3190 417 3262 exercitu
441 3189 530 3259 varii
558 3191 715 3260 adfectus
742 3190 891 3262 militum
915 3198 1010 3272 sunt,
1036 3199 1071 3261 et
1100 3191 1192 3262 hunc
1217 3192 1339 3285 praeda

261 3329 396 3410 incitat,
421 3328 515 3398 hune
538 3327 667 3420 gloria,
696 3328 796 3398 illum
823 3329 962 3413 odium;
990 3354 1112 3402 omnes
1138 3339 1255 3402 tamen
1274 3354 1338 3423 pro

261 3467 409 3540 victoria
434 3475 469 3539 et
496 3467 659 3562 Principe
685 3437 874 3561 pugnant:
904 3469 955 3540 sie
973 3494 1094 3541 omnes
1117 3471 1195 3541 istae
1218 3469 1339 3539 volun-

260 3615 352 3679 tates
368 3607 470 3677 bonae
488 3607 660 3700 malaeque
679 3608 743 3678 deo
763 3608 928 3690 militant,
950 3618 984 3680 et
1004 3609 1096 3679 inter
1113 3608 1231 3679 varios
1250 3608 1339 3678 fines

261 3747 401 3818 venient
415 3754 531 3816 tamen
547 3747 591 3817 ad
610 3747 713 3826 hunc,
733 3754 771 3817 ut
793 3747 844 3817 sic
864 3747 977 3818 dicam
996 3747 1118 3817 finium
1136 3747 1253 3816 finem.
