3262 5190
269 766 276 801 t

800 521 985 582 -280—

405 703 559 793 Cumque
580 701 615 769 in
639 700 716 793 ipso
735 699 851 782 aditu,
879 700 999 770 oculos
1023 700 1314 771 circumtulissem
1342 724 1431 794 vago

356 838 505 932 quodam
523 845 558 908 et
572 838 710 908 curioso
725 839 913 931 adspectu:
932 838 1080 910 miratus
1098 839 1274 910 exanimo
1289 839 1432 932 elegan-

355 978 440 1048 tiam
459 984 493 1047 et
506 976 637 1047 cultum
655 977 735 1058 loci,
752 977 805 1047 Mi
819 978 931 1061 sinex,
954 1001 1033 1070 quae
1052 977 1130 1049 liaeo
1148 977 1336 1049 amoenitas
1355 986 1409 1049 est
1418 980 1431 1048 l

356 1117 511 1208 inquam,
532 1114 610 1209 quis
628 1115 817 1208 splendori
837 1115 972 1186 Caelum
1000 1115 1056 1187 hio
1081 1108 1193 1186 habes
1212 1116 1341 1208 Longi,
1362 1141 1433 1187 non

355 1254 509 1325 hortum.
536 1277 600 1324 neo
618 1260 796 1325 astrorum
816 1254 869 1324 illi
890 1255 992 1347 ignes
1011 1256 1167 1348 profecto
1185 1255 1300 1347 magis
1321 1255 1434 1326 nitent

357 1391 533 1460 inserena
550 1397 672 1471 noete.
695 1413 800 1483 quam
817 1390 854 1461 hi
872 1391 923 1462 tui
942 1391 1176 1463 scintillantes
1194 1391 1434 1484 micantesque

357 1529 453 1598 varie
476 1528 595 1599 flores,
625 1528 798 1599 Adonidis
826 1535 888 1599 aut
910 1527 1050 1600 Alcinoi
1077 1528 1201 1599 hortos
1219 1527 1433 1621 loquunturl

358 1689 476 1758 nugae,
502 1667 546 1736 ad
571 1666 659 1735 istos
677 1665 886 1758 comparati,
906 1672 940 1736 et
957 1664 1132 1756 imagines
1150 1687 1365 1736 muscarum.
1388 1665 1434 1735 Et

358 1803 462 1873 simul
475 1801 618 1896 propius
636 1802 819 1882 accedens
837 1808 872 1871 et
885 1790 991 1871 flores
1005 1802 1176 1893 quosdam
1190 1801 1337 1872 naribus
1352 1826 1434 1874 oon-

357 1942 469 2034 lisque
504 1940 713 2021 admovens,
747 1938 839 2016 Quid
873 1939 1025 2031 primum
1059 1940 1226 2009 voveaml
1261 1939 1431 2033 inquam,

358 2079 479 2150 oculus
514 2100 593 2147 oum
622 2075 721 2169 Argo
751 2076 842 2158 fieri,
876 2098 922 2145 an
953 2089 1061 2147 nasus
1083 2095 1162 2148 oum
1189 2074 1347 2149 Catullol
1381 2080 1436 2150 lta

360 2225 545 2309 utrumque
563 2238 705 2286 sensum
723 2214 856 2307 pariter
869 2214 1062 2306 permulcet
1076 2215 1160 2285 mihi
1174 2225 1210 2287 et
1224 2207 1346 2288 titillat
1358 2217 1436 2288 haec

359 2355 533 2446 voluptas.
565 2355 629 2432 Ite,
649 2352 697 2422 ite
719 2375 841 2422 omnes
864 2351 1022 2422 Arabum
1048 2353 1188 2435 odores,
1214 2355 1273 2447 qui
1302 2377 1436 2425 nausea

360 2489 445 2560 mihi
463 2511 538 2582 prae
554 2488 664 2559 halitu
684 2488 749 2559 hoc
766 2489 918 2581 ingenuo
933 2497 968 2560 et
986 2514 1068 2561 vere
1086 2491 1235 2562 coelesti.

318 3036 320 3040 ·
409 2991 567 3086 langius
582 3020 725 3067 manum
738 2988 822 3066 mihi
837 2997 1156 3090 blandepremens,
1173 3021 1237 3069 neo
1256 2999 1331 3068 sine
1346 2999 1433 3078 risu⁶

362 3102 578 3214 Priefiseine‚
596 3133 706 3226 Lipsi,
723 3135 848 3226 inquit.
866 3158 936 3205 non
951 3157 1030 3226 ego,
1042 3158 1111 3205 non
1122 3135 1199 3205 haec
1213 3137 1346 3207 rustica
1359 3159 1438 3207 mea

359 3272 468 3342 Flora
486 3270 711 3363 agnoscimus
738 3278 811 3340 tam
838 3271 975 3371 scitam.
997 3279 1070 3342 tam
1091 3271 1264 3342 urbanam
1281 3273 1433 3344 laudem.

409 3518 486 3609 Ego
517 3517 678 3596 interum,
698 3515 844 3596 Tamen,
872 3516 999 3608 Longi,
1028 3539 1161 3586 veram.
1191 3516 1352 3586 Blandiri
1383 3539 1438 3586 mo

359 3657 483 3750 putas‘l
503 3654 595 3724 serio
620 3653 687 3724 hoc
709 3654 786 3724 dieo
810 3660 845 3724 et
867 3668 909 3724 ex
927 3655 1050 3724 intimo
1071 3677 1148 3725 meo
1175 3678 1293 3736 sensu,
1315 3655 1437 3747 Campi

360 3794 474 3888 Elysii
493 3793 607 3886 Elysii
624 3815 694 3862 non
713 3800 808 3874 sunt,
831 3816 906 3885 prae
924 3792 990 3862 hoo
1007 3799 1067 3862 tuo
1095 3815 1190 3862 rure.
1218 3792 1309 3863 Ecce
1327 3793 1433 3874 enim,

360 3955 438 4025 quae
452 3931 509 3999 hic
527 3931 654 4024 ubique
673 3930 783 4001 nitela
800 3933 874 4001 estl
890 3931 968 4024 quis
982 3925 1091 4001 ordol
1107 3954 1211 4024 quarn
1225 3938 1306 4023 apte
1319 3930 1437 4001 omnia

359 4070 395 4138 in
413 4068 552 4138 areolas
579 4091 663 4137 suas
683 4068 917 4161 pulvillosque
931 4068 1125 4160 disposital
1148 4077 1272 4140 utnon
1292 4069 1436 4161 elegan-

359 4208 430 4278 tius
449 4207 589 4277 tesselae
604 4206 731 4299 aliquae
750 4207 784 4275 in
805 4207 1018 4299 pavimento.
1038 4209 1112 4278 lam
1127 4231 1206 4301 quae
1220 4207 1436 4279 florumher-
