3262 5190
747 469 928 530 -368-

268 691 271 699 ·
305 650 365 729 tia,
384 655 445 718 aut
460 670 556 740 opes.
578 647 747 740 quianon
769 649 883 741 magis
902 649 952 719 illi
972 649 1050 720 ideo
1064 649 1183 719 felices
1198 656 1259 720 aut
1273 650 1378 729 beati,

304 810 408 882 quam
423 786 514 867 sani,
532 810 679 880 quorum
693 787 802 858 febris
816 795 878 858 aut
891 787 1050 881 podagra
1065 789 1236 859 recumbit
1249 789 1284 858 in
1303 812 1383 882 pur-

305 949 412 1020 pureo
439 932 564 998 strate.
586 928 789 997 Mendicum
816 927 967 1020 aliquem
991 927 1027 997 in
1050 927 1171 998 sabula
1188 929 1299 1010 vides,
1324 929 1381 1021 qui

305 1064 400 1156 regis
420 1087 608 1158 personam
631 1065 793 1147 sustinet,
812 1074 976 1137 auratum
995 1074 1029 1137 et
1049 1065 1246 1159 pulchrum.
1268 1066 1379 1146 rides,
1472 1129 1476 1136 .

304 1204 448 1274 sednon
468 1203 604 1275 invides
622 1230 629 1275 :
647 1206 730 1298 quia
744 1205 855 1276 latere
870 1205 934 1276 sub
950 1228 1036 1275 auro
1051 1205 1112 1276 illo
1128 1205 1197 1276 scis
1212 1204 1379 1285 scabiem,

303 1342 495 1431 paedorem,
524 1343 660 1415 sordes,
686 1343 779 1414 idem
807 1343 970 1415 existima
993 1344 1029 1414 in
1055 1334 1195 1436 magnis
1221 1344 1383 1414 omnibus

304 1477 381 1547 istis
400 1484 435 1548 et
449 1478 611 1571 superbis
624 1480 787 1573 tyrannis
810 1506 816 1551 :
839 1486 994 1557 Quorum
1010 1490 1142 1551 mentes
1155 1486 1188 1550 si
1201 1486 1385 1551 recludan-

302 1624 372 1695 tur,
383 1614 599 1695 aitTacitus‚
609 1621 744 1704 possint
758 1621 896 1705 adspici
908 1623 1064 1688 laniatus
1076 1627 1109 1688 et
1118 1622 1208 1688 ictus
1222 1652 1230 1688 :
1244 1625 1382 1706 quando

303 1765 340 1825 cd
358 1778 508 1844 corpora
531 1759 744 1849 verberibus
763 1761 815 1825 ita
835 1762 981 1838 sevitia,
1003 1761 1160 1839 libidine,
1183 1763 1289 1827 matis
1306 1782 1384 1830 con-

302 1899 404 1964 sultis
417 1898 559 1963 animus
572 1899 798 1966 dilaceretur.
816 1894 950 1966 Rident
966 1895 1018 1965 illi
1037 1919 1146 1989 saepe,
1163 1896 1279 1967 fateor
1296 1921 1303 1968 :
1321 1898 1383 1968 sed

304 2055 374 2104 non
393 2056 515 2103 verum
534 2034 656 2105 risum.
680 2034 844 2105 Gaudent
866 2059 872 2104 :
896 2034 957 2104 sed
978 2058 1048 2104 nou
1069 2056 1277 2126 germanum
1295 2057 1382 2127 gau-

280 2270 286 2277 .
304 2170 412 2243 dium.
435 2195 505 2242 non
523 2172 642 2243 hercle
657 2173 782 2265 magis,
802 2196 906 2266 quam
920 2173 945 2242 ii
955 2174 1014 2266 qui
1033 2173 1156 2267 capitis
1175 2173 1332 2244 damnati
1347 2174 1383 2243 in

303 2334 445 2382 carcere
468 2311 674 2393 attinentur,
704 2320 739 2383 et
764 2313 845 2383 talis
870 2313 1047 2383 interdum
1065 2320 1127 2382 aut
1150 2311 1296 2384 tesseris
1317 2311 1382 2383 fai-

302 2447 376 2518 lere
399 2471 437 2518 se
464 2456 650 2533 conantur,
676 2472 741 2519 uec
766 2448 905 2520 fallunt.
927 2450 1050 2520 Manet
1072 2449 1165 2520 enim
1189 2448 1382 2542 impressus

303 2585 364 2657 ille
386 2585 601 2657 imminentis
626 2587 788 2681 supplicii
813 2595 941 2668 terror,
962 2610 1027 2657 nec
1044 2587 1136 2658 tollit
1162 2610 1200 2658 se
1217 2610 1383 2679 umquam

304 2723 349 2794 ab
382 2723 492 2794 oculis
519 2724 637 2817 imago
667 2725 793 2796 luridae
824 2725 961 2796 mortis.
990 2726 1080 2796 Vide
1110 2724 1217 2807 mihi,
1255 2725 1379 2829 sodes,

304 2861 436 2933 dimoto
461 2868 686 2933 externorum
717 2862 786 2933 isto
817 2862 909 2943 ve10,
944 2861 1100 2933 Siculum
1130 2861 1229 2932 illum
1260 2868 1381 2955 tyran-

304 3021 416 3070 num:

544 3150 706 3211 Districtns
720 3155 801 3212 ensis
814 3155 864 3212 cni
877 3172 970 3229 super
983 3153 1084 3229 impia

545 3268 667 3329 Cervicc
676 3272 804 3348 pendet.

353 3455 444 3526 Audi
460 3455 661 3527 Romanum
675 3457 774 3528 ilium
792 3459 1043 3529 lamentantem
1061 3483 1067 3528 :
1091 3463 1152 3527 Dii
1169 3482 1224 3527 nie
1235 3464 1383 3544 Deoeque

302 3598 403 3682 pejus
417 3600 584 3683 perdant,
606 3619 712 3683 quam
732 3601 855 3685 perire
873 3600 1014 3666 cottidie
1033 3600 1157 3667 sentio.
1181 3595 1275 3666 Audi
1298 3594 1384 3664 alte

304 3757 382 3805 rum
420 3736 705 3829 ingemiscentem
743 3763 750 3807 :
791 3743 892 3825 Enyo
923 3758 986 3824 eye
1016 3742 1110 3805 sotus
1139 3759 1203 3805 nec
1228 3738 1382 3805 anticum

304 3878 425 3954 habeo,
447 3899 510 3944 nec
527 3881 734 3945 inimicum?

317 4191 320 4195 ’
355 4190 442 4260 Haec
461 4213 545 4262 vera
563 4190 624 4261 illa
642 4189 838 4263 animorum
859 4199 1046 4274 tormenta,
1067 4191 1179 4284 Lipsi‚
1201 4190 1237 4260 hi
1251 4187 1383 4262 cruciass
