3262 5190
380 881 461 949 Non
478 879 570 950 enim
590 880 650 951 illa
668 882 783 974 patria
802 881 898 963 mihi,
916 881 1065 976 inquies.
1085 882 1268 964 Stulte‚on
1285 907 1353 953 non
1373 892 1408 954 et

330 1018 380 1088 itti
404 1018 563 1090 homines
587 1019 709 1090 eadem
736 1020 844 1113 stirpe
871 1028 984 1091 tecum
1013 1029 1048 1091 et
1066 1023 1168 1092 satui
1197 1023 1261 1092 sub
1289 1023 1411 1093 eodem

330 1158 408 1229 coeli
432 1159 583 1230 fornicei
602 1159 636 1229 in
657 1159 778 1230 eadem
796 1166 904 1230 terrra
923 1159 1014 1252 pilot
1034 1159 1210 1251 Exiguum
1231 1161 1298 1231 hoc
1316 1163 1410 1254 quod

329 1298 364 1368 hi
380 1307 515 1369 montes
534 1305 707 1377 coercent,
725 1299 760 1369 hi
780 1298 876 1369 fluvii
895 1299 1052 1390 cingunt,
1070 1298 1220 1390 patriam
1240 1321 1318 1369 esse
1333 1322 1411 1369 cen·

330 1440 408 1509 sesi
437 1439 560 1510 Erras.
595 1439 779 1510 universus
800 1439 895 1510 orbis
922 1445 987 1519 est,
1013 1461 1230 1532 quacumque
1249 1439 1408 1509 homines

239 1568 242 1575 ’
329 1585 412 1648 sunt
425 1577 558 1648 coelesti
577 1576 637 1648 illo
653 1577 785 1647 semine
803 1577 954 1648 oriundi.
974 1577 1127 1669 Egregie
1141 1577 1222 1647 olim
1244 1577 1408 1648 Socrates

327 1715 574 1806 interroganti,
591 1720 740 1803 cujacem
753 1738 790 1784 se
802 1719 936 1800 ferret?
954 1720 1190 1795 niundouuru,
1209 1715 1401 1808 respondit.

328 1854 483 1945 Magnus
497 1853 589 1923 enim
603 1860 808 1947 erectusque
822 1852 960 1945 animus
975 1876 1044 1924 non
1058 1852 1206 1925 includit
1220 1876 1257 1924 se
1272 1853 1350 1924 istis
1363 1855 1406 1924 ab

328 1991 491 2085 opinione·
505 1992 664 2064 terminis
685 2018 692 2064 :
714 1994 776 2064 sed
795 1993 1008 2086 cogitatione
1027 2002 1062 2064 et
1080 2016 1185 2065 sensu
1209 2000 1320 2063 totum
1340 1993 1406 2063 hoc

329 2132 541 2203 Universum
566 2132 821 2225 complectitur,
843 2141 881 2203 ut
904 2156 1017 2202 snum.
1035 2131 1197 2201 Vidimus
1221 2131 1347 2202 stultos
1372 2140 1407 2202 et
1449 2128 1452 2132 “

327 2272 481 2353 risimus,
506 2296 593 2365 quos
617 2281 735 2342 custos
759 2281 820 2341 aut
841 2272 1011 2363 magister
1030 2271 1202 2363 alligabat
1226 2270 1406 2342 straminis

326 2409 380 2479 vel
400 2410 517 2501 exigui
536 2409 585 2478 fili
606 2409 697 2479 nodo
719 2434 725 2477 :
749 2416 854 2502 atque
872 2408 922 2477 illi
946 2409 1089 2479 stabant
1114 2410 1214 2502 quasi
1232 2409 1326 2480 serro
1345 2417 1406 2480 aut

326 2571 411 2619 vera
428 2547 594 2640 compede
614 2546 775 2618 devincti.
796 2547 921 2618 similis
935 2557 1057 2619 nostra
1070 2549 1147 2620 haec
1161 2549 1327 2629 amentia,
1346 2550 1405 2642 qui

325 2689 415 2760 futili
441 2688 616 2782 opinionis
649 2689 762 2759 vinclo
798 2689 1028 2781 astringimur
1059 2690 1103 2760 ad
1134 2698 1266 2760 certam
1298 2698 1403 2785 terren

324 2840 473 2923 partem.

371 3358 440 3430 Sed
458 3365 494 3429 ut
514 3358 672 3429 firmiora
692 3359 769 3429 haec
786 3358 946 3428 omittam
965 3359 1101 3453 (vereor
1119 3358 1211 3429 enim
1230 3368 1267 3429 nt
1285 3360 1399 3451 possis

321 3522 537 3594 concoquere
559 3498 584 3592 :)
606 3499 698 3570 addo
719 3500 883 3593 amplius.
908 3499 937 3570 si
960 3499 1037 3592 quis
1061 3500 1147 3570 deus
1167 3522 1317 3592 sponsor
1336 3498 1398 3568 tibi

321 3662 383 3732 per
406 3639 472 3709 hoc
495 3638 608 3732 ipsum
637 3638 765 3709 bellum
789 3639 847 3719 sit,
874 3639 1009 3731 agellos
1032 3647 1112 3709 tuos
1134 3639 1286 3709 intactos
1308 3638 1395 3719 fore,

319 3777 460 3848 domurn
491 3777 743 3871 pecuniamque
761 3778 908 3858 salvam,
927 3777 1074 3870 teipsum
1090 3776 1125 3846 in
1145 3786 1262 3848 monte
1280 3778 1397 3870 aliquo

318 3918 509 3988 constituat
526 3917 680 3987 velatum
704 3917 893 3986 Homerica
914 3917 1005 3986 nube
1035 3941 1042 3986 :
1071 3915 1223 3986 etiamne
1241 3916 1396 3986 dolebis!

320 4057 362 4126 de
379 4063 413 4126 te
428 4057 566 4149 quidem
581 4055 648 4126 hoc
666 4079 734 4125 non
751 4056 862 4126 ausim
879 4056 1006 4135 dicere,
1029 4056 1091 4127 sed
1109 4056 1176 4127 crit
1190 4079 1260 4126 non
1279 4079 1393 4136 nemo,

319 4197 377 4290 qui
396 4196 563 4288 gaudebit
582 4196 700 4278 etiam,
718 4205 752 4267 et
771 4196 890 4267 oculos
909 4219 992 4267 suos
1006 4197 1107 4266 avide
1126 4206 1246 4289 pascet
1264 4198 1299 4266 in
1318 4220 1396 4266 con-
