3262 5190
721 479 902 543 -ῃό-

275 658 371 730 illam
390 657 604 731 Atlantidum
622 660 775 733 insulam
796 663 871 758 (nec
889 663 982 734 enim
1000 684 1077 734 meo
1095 661 1211 733 animo
1229 662 1352 735 fabula

276 797 340 892 est)
354 805 477 892 postea
487 798 645 883 Helicen,
657 801 821 896 Buren(¹)
834 827 841 873 :
853 809 888 873 et
898 801 994 873 nead
1007 808 1129 872 vetera
1143 808 1204 873 aut
1217 815 1352 872 remota

276 961 410 1021 eamus
432 939 525 1033 apud
542 963 607 1012 nos
625 941 769 1034 Belgas,
792 949 930 1036 patrum
949 964 1040 1024 aevo,
1059 942 1147 1011 duas
1162 940 1198 1035 (²)
1217 939 1352 1012 insulas

276 1051 354 1146 cum
372 1077 511 1170 oppidis
524 1077 692 1172 virisque.
715 1077 806 1157 Quin
816 1079 892 1173 jam
910 1101 1002 1150 nunc
1018 1101 1097 1149 cum
1115 1079 1266 1150 maxime
1284 1102 1351 1150 cae·

275 1213 374 1286 rulus
392 1214 451 1286 ille
470 1215 580 1286 Divus
598 1238 708 1287 novos
735 1215 802 1288 sibi
824 1217 922 1287 sinus
946 1216 1074 1310 aperit,
1099 1217 1260 1289 lambens
1278 1226 1350 1289 cot·

274 1354 359 1426 tidie
378 1362 413 1426 et
428 1355 603 1427 abradens
618 1354 763 1426 infidum
782 1355 990 1449 marginem,
1011 1355 1220 1438 Frisiorum,
1251 1357 1352 1427 Cani·

273 1494 443 1576 nefatum,
465 1494 699 1566 Cauchorum.
717 1495 793 1566 Nec
809 1502 907 1566 terra
925 1496 1008 1589 ipsa·
1020 1495 1181 1567 muliebri
1209 1495 1352 1587 ignavia

273 1641 390 1705 cessat
424 1656 431 1701 :
465 1632 527 1704 sed
556 1633 733 1705 interdum
756 1656 794 1705 se
814 1633 981 1717 vindicat,
1010 1641 1046 1706 et
1068 1633 1105 1704 in
1131 1634 1351 1705 mediomari

273 1771 409 1842 insulas
424 1770 491 1842 sibi
503 1771 588 1843 facit
605 1796 612 1842 :
631 1771 781 1843 mirante
794 1771 1045 1864 etindignante
1059 1795 1148 1844 cano
1158 1772 1219 1844 illo
1234 1779 1346 1876 patre.

323 1975 425 2053 Quod
443 1975 473 2046 si
486 1975 532 2046 ad
546 1975 724 2047 interitum
738 1965 1037 2070 mutationemque
1051 1999 1180 2070 magna
1198 1976 1260 2047 illa
1274 1998 1351 2046 cor-

273 2138 373 2210 pora,
401 2125 436 2188 et
461 2125 583 2189 nostro
613 2140 719 2188 sensu
744 2124 892 2200 aeterna,
920 2117 1098 2189 destinata
1129 2124 1211 2187 sunt
1237 2141 1244 2187 :
1267 2117 1351 2211 quid

273 2277 395 2326 censes
425 2254 566 2349 oppida,
596 2255 827 2349 respublicas,
849 2257 980 2348 regnal
995 2279 1075 2349 quae
1094 2263 1168 2326 tam
1186 2255 1352 2326 mortalia

274 2414 352 2462 esse
371 2414 553 2463 necessum
579 2400 646 2474 est,
676 2415 780 2485 quam
807 2393 950 2487 eosqui
979 2393 1148 2466 fecerunt.
1168 2394 1218 2465 Ut
1243 2393 1352 2465 homi·

274 2532 377 2603 nibus
396 2530 544 2624 singulis
564 2531 802 2602 adolescentia
815 2555 892 2614 sua,
915 2533 1035 2616 robur,
1056 2540 1213 2615 senecta,
1231 2556 1347 2604 mors:

274 2671 324 2743 sic
342 2671 434 2743 istis,
457 2671 643 2765 Incipiunt,
665 2678 839 2754 crescunt,
862 2680 970 2754 stant,
999 2672 1128 2743 florent
1150 2695 1157 2740 :
1179 2679 1215 2743 et
1233 2670 1352 2742 omnia

272 2811 364 2893 idae,
395 2819 432 2881 ut
458 2810 598 2881 cadant.
621 2788 722 2881 Unus
749 2810 808 2881 sub
835 2810 978 2882 Tiberio
998 2817 1235 2892 terraemotus,
1265 2810 1350 2880 duo-

273 2928 386 3021 decim
404 2950 559 3021 celebres
584 2948 681 3020 Asiae
698 2950 804 3021 urbes
822 2950 961 3022 evertit.
982 2950 1129 3022 totidem
1146 2940 1355 3043 Campaniae

274 3086 402 3179 oppida
419 3086 523 3168 alius,
542 3085 606 3156 sub
625 3085 869 3157 Constantino.
892 3093 927 3157 et
941 3109 1048 3156 unum
1066 3086 1208 3180 aliquod
1226 3085 1350 3157 Auilae

273 3224 416 3306 bellum,
445 3223 524 3316 plus
554 3231 733 3295 centenas
766 3224 914 3296 Veteres
941 3226 1091 3320 AEgypti
1121 3225 1263 3296 Thebas
1292 3224 1352 3295 vix

273 3362 368 3433 sama
387 3362 516 3433 retinet
539 3386 546 3430 :
573 3370 712 3460 centum
730 3363 845 3433 Cretae
865 3363 969 3434 urbes
988 3364 1047 3434 vix
1064 3364 1165 3435 fides.
1191 3372 1227 3435 et
1244 3370 1283 3435 ut
1305 3363 1351 3434 ad

273 3500 424 3572 certiora
458 3500 610 3582 veniam,
645 3500 819 3571 cadavera
854 3501 1095 3594 Carthaginis
1129 3501 1347 3582 Numantiae,

274 3639 446 3722 Corinthi,
481 3640 588 3734 prisci
619 3640 781 3710 viderunt
812 3648 847 3711 et
872 3641 989 3711 mirati
1007 3650 1089 3712 sunt
1115 3666 1121 3710 :
1151 3665 1215 3713 nos
1240 3642 1349 3713 Athe-

273 3802 411 3859 narum,
434 3778 586 3872 Spartae,
609 3786 644 3849 et
657 3786 709 3850 tot
728 3779 917 3850 illustrium
937 3780 1076 3851 urbium
1090 3781 1264 3874 ignobiles
1279 3781 1350 3851 rui·

305 3947 334 4009 (¹)
351 3946 438 3996 Villes
456 3948 489 3996 do
508 3947 628 3998 l'Acha'ie
647 3949 863 4012 septentrionale
881 3950 1016 4000 denudes
1036 3965 1088 4015 par
1105 3951 1132 4001 la
1157 3965 1225 4013 mer,
1238 3950 1351 4001 l'an3'13

271 4060 313 4095 ar.
327 4045 353 4096 J.
372 4045 401 4095 C.

305 4145 334 4205 (ἲ)
353 4143 396 4193 Du
409 4146 469 4194 coto
482 4146 516 4194 do
526 4146 552 4195 la
565 4146 693 4207 Zelande,
707 4146 763 4197 lors
777 4149 809 4197 de
823 4148 848 4198 la
859 4149 972 4199 terrible
991 4150 1152 4200 inundation
1171 4151 1205 4201 do
1225 4151 1286 4201 1282
1304 4151 1349 4213 qui

273 4242 360 4290 forma
374 4241 398 4290 le
410 4242 484 4305 galle
497 4243 533 4293 du
547 4243 709 4306 Zuyderztu.
