3262 5190
718 520 902 583 -392-

273 724 350 771 mus
388 726 394 769 :
433 722 503 770 non
538 721 725 793 possumus
756 699 882 793 ipsum.
922 699 972 771 Ut
1005 700 1029 770 ii
1065 700 1122 794 qui
1158 700 1194 770 in
1231 699 1349 771 Solem

273 838 389 908 acrius
412 836 571 930 defigunt
593 836 725 916 oculos,
747 859 808 907 eos
822 837 987 908 amittunt
1008 863 1015 907 :
1038 836 1089 908 sio
1104 837 1231 908 mentis
1246 860 1350 908 omne

271 975 401 1058 lumen,
423 975 481 1068 qui
504 998 581 1045 eam
599 975 785 1046 intendunt
802 974 838 1045 in
859 976 925 1047 hoc
945 977 1075 1047 lumen.
1097 976 1349 1047 Abstineamus

271 1112 381 1206 igitur
402 1136 526 1185 censeo
549 1113 698 1184 ouriosae
723 1121 758 1185 et
780 1137 858 1184 oum
877 1115 1031 1207 periculo
1056 1114 1262 1210 quaestionis
1283 1140 1291 1185 :
1314 1122 1351 1184 et

268 1253 338 1370 imo
355 1254 480 1324 saltem
500 1254 601 1331 nobis
624 1262 705 1335 stet,
726 1253 897 1335 aestimari
917 1278 1027 1325 noxas
1053 1254 1256 1326 humanitus
1280 1278 1350 1325 nou

272 1417 389 1486 posse,
410 1417 481 1465 non
507 1394 647 1466 debere.
677 1394 783 1465 aliam
809 1394 903 1487 apud
922 1395 1034 1465 Deum
1058 1395 1228 1465 trutinam
1255 1418 1346 1476 esse,

272 1532 368 1604 aliud
398 1532 565 1604 tribunal.
594 1541 630 1604 et
652 1533 973 1627 quomodocumque
1004 1557 1042 1604 se
1073 1534 1254 1605 recondite
1284 1534 1347 1604 ille

266 1671 399 1763 judicia
416 1671 589 1755 habeaut;
609 1695 680 1742 non
695 1671 869 1765 culpanda
886 1693 929 1741 ea
942 1671 1057 1752 nobis,
1079 1672 1140 1742 sed
1155 1672 1302 1743 ferenda
1315 1679 1351 1742 et

272 1810 438 1881 verende.

322 1947 439 2018 Unam
456 1948 546 2019 hono
561 1948 624 2020 tibi
638 1950 848 2020 sententiam
862 1950 998 2042 ingero,
1020 1973 1089 2043 qua
1107 1974 1248 2021 manum
1266 1950 1349 2022 huic

272 2084 322 2154 rei
341 2085 492 2155 etsimul
520 2087 709 2158 Curionum
737 2089 890 2158 omnium
913 2088 965 2158 ori
989 2089 1179 2182 imponam,
1207 2094 1349 2158 Judz'ciu

272 2227 337 2290 Dei
354 2229 464 2292 mezcita
481 2231 612 2293 occulto
630 2235 733 2294 sunt:
752 2232 849 2294 nouo
867 2231 1013 2313 injusta.

677 2731 780 2803 CAP.
811 2733 947 2804 XVIII.

274 2969 444 3030 Praesitus
470 2969 512 3029 aci
536 2968 649 3032 Locum
678 2967 824 3030 ultimum
845 2970 965 3046 suetus,
989 2970 1043 3049 qui
1068 2968 1104 3029 ab
1127 2968 1298 3047 Euemplis.
1323 2973 1353 3027 et

311 3097 472 3160 ostensum,
497 3090 575 3151 utile
602 3091 759 3153 interdum
787 3109 856 3167 esse,
886 3093 974 3153 serio
1005 3091 1160 3153 medicine
1188 3091 1353 3152 admisceri

312 3211 450 3288 quadum
466 3211 618 3289 jucunda.

324 3408 413 3479 Haec
439 3415 521 3479 sunt
542 3408 653 3502 Lipsi‚
683 3431 762 3502 quae
786 3430 850 3501 pro
881 3407 999 3477 divina
1023 3406 1171 3478 Justitia
1201 3406 1351 3477 dicenda

275 3547 395 3619 censui
416 3556 540 3618 contra
561 3547 626 3618 hos
652 3547 814 3640 injustos
836 3569 914 3640 quae
937 3568 1007 3617 non
1028 3545 1130 3638 plane
1149 3568 1192 3614 ex
1216 3567 1255 3615 re
1273 3568 1353 3615 mea
1388 3638 1397 3647 ἢ

275 3710 353 3759 esse
367 3686 493 3768 fateor,
511 3708 575 3757 neo
593 3695 710 3756 tamen
727 3691 858 3778 praeter
876 3684 973 3754 illam
991 3708 998 3754 :
1020 3682 1184 3777 quoniam
1203 3705 1273 3753 non
1288 3683 1353 3753 du·

276 3829 331 3898 bie
350 3827 485 3921 sequius
507 3826 741 3920 libentiusque
768 3824 894 3896 Clades
917 3824 983 3895 hos
1004 3825 1170 3905 feremus,
1191 3823 1352 3916 persuasi

276 3989 337 4036 eas
355 3988 424 4035 non
443 3965 594 4058 iniquas,

327 4253 372 4322 Et
386 4250 571 4321 intervallo
586 4250 643 4320 hic
661 4249 777 4342 aliquo
796 4247 981 4328 sermonis,
1000 4249 1115 4319 subito
1132 4248 1257 4320 iterum
1272 4273 1351 4319 eru·
