3262 5190
692 441 876 506 ..ppp-

295 621 342 694 At
376 621 549 694 Naturale
588 623 715 694 Fatum
749 646 865 702 voco.
905 621 1076 693 Onnnmn
1111 641 1321 692 caussanun

245 785 492 843 seruaturum,
513 784 597 840 oum
622 761 702 857 (nisi
720 760 968 854 impediantur)
984 782 1022 830 vr
1039 782 1082 830 nr
1097 736 1242 831 aarum.
1256 782 1321 831 sun

244 896 1321 979 casrnnnunnnnoonraouucunrnssnorun.Aristotelesin

243 1039 312 1110 hac
335 1047 446 1133 parte,
467 1039 497 1110 si
521 1038 723 1110 Alexandro
741 1038 1010 1132 Aphrodisiensi
1025 1037 1060 1132 (¹)
1086 1039 1189 1118 fides,
1212 1037 1320 1108 inter·

242 1177 333 1271 preti
344 1177 418 1270 ejus
432 1177 527 1248 haud
540 1176 668 1248 insido.
687 1176 839 1270 itemque
856 1176 1136 1270 Theophrastus,
1154 1176 1212 1270 qui
1226 1175 1320 1246 clare

243 1315 366 1388 scribit
381 1343 387 1385 :
408 1319 464 1398 τὴν
480 1318 677 1410 εἱμαρμένην
691 1314 836 1396 εἶναιτὴν
850 1318 956 1393 kadroc
974 1315 1086 1398 Φύσιν,
1104 1319 1233 1384 Fatum
1247 1337 1320 1383 esse

241 1459 513 1543 uniuscujusque
529 1465 710 1527 naturam.
733 1455 787 1526 Ex
805 1454 930 1526 horum
954 1462 1083 1536 mente,
1104 1451 1197 1547 quod
1213 1452 1318 1524 homo

239 1593 415 1666 hominem
433 1593 560 1687 gignit,
582 1595 673 1665 Fato
692 1592 762 1665 sit:
780 1592 873 1687 quod
892 1592 1041 1665 moritur
1054 1594 1099 1664 ab
1117 1593 1265 1664 internis
1283 1600 1318 1663 et

240 1731 316 1803 siue
334 1730 450 1803 aliena
464 1732 498 1802 vi
512 1732 660 1815 caussis,
674 1733 779 1803 Fato.
797 1740 832 1803 et
845 1730 995 1826 retro(‘)‚
1009 1733 1110 1810 Quod
1124 1732 1229 1803 homo
1243 1754 1318 1802 ser·

238 1876 379 1963 pentem
397 1870 512 1963 gignit
529 1878 592 1972 aut
609 1877 818 1952 monstrum,
835 1878 967 1965 praeter
980 1870 1108 1941 Fatum
1124 1893 1132 1939 ε
1148 1870 1315 1963 itemque,

238 2008 330 2129 guod
348 2009 467 2103 gladio
494 2009 677 2090 occiditur.
703 2017 765 2081 aut
789 2010 883 2103 igne.
910 2009 1095 2082 Sententia
1120 2032 1190 2080 non
1215 2008 1318 2080 valde

128 2159 131 2163 ’
237 2170 399 2242 peccans
430 2149 513 2243 quia
538 2149 583 2219 ad
610 2149 682 2219 vim
704 2149 785 2220 Fati
810 2173 854 2220 ne
880 2149 1042 2242 adsurgit
1065 2148 1217 2242 quidem.
1239 2148 1317 2242 quis

237 2292 354 2357 autem
373 2309 494 2358 casnm
512 2309 582 2357 non
599 2287 701 2372 vitet,
722 2289 780 2381 qui
807 2310 877 2358 non
904 2288 1094 2359 ascendatt
1113 2288 1161 2368 Et
1178 2286 1261 2359 talis
1279 2289 1315 2358 in

237 2423 364 2496 divinis
378 2426 504 2519 ubique
521 2426 594 2498 iere
612 2426 823 2498 Aristoteles
841 2434 895 2498 est
903 2426 957 2521 (³):
977 2427 1136 2498 libellum
1153 2427 1252 2498 illum
1272 2428 1316 2498 de

237 2563 371 2636 Mundo
389 2565 542 2660 excipio,
564 2567 624 2660 qui
641 2576 736 2639 totus
755 2590 897 2649 aureus,
918 2569 963 2639 ab
983 2568 1054 2640 alia
1071 2568 1156 2639 mihi
1177 2568 1316 2640 videtur

132 2681 146 2703 ⁹
236 2710 272 2773 et
301 2702 416 2795 magis
442 2704 577 2776 coelesti
609 2728 711 2778 aura.
734 2706 826 2783 Quin
857 2706 924 2778 hoc
949 2705 1099 2800 amplius
1125 2705 1163 2776 in
1188 2707 1317 2778 Graeco

236 2841 408 2935 scriptore
432 2841 526 2935 lego,
553 2843 781 2916 Aristotelem
805 2845 997 2928 censuisse,
1024 2847 1080 2925 τὴν
1107 2847 1314 2938 εἱμαρμένην

235 2984 288 3050 οὐκ
314 2985 413 3050 durias
437 2986 504 3074 μὲν,
530 2987 642 3077 τρόπον
664 2985 696 3053 δέ
714 3013 781 3052 τινα
801 2987 900 3062 saetas
930 2984 1146 3076 συμβεόηκότα
1167 2987 1234 3060 πῶς
1251 2987 1314 3061 τοῖς

233 3133 289 3210 τῆς
307 3134 441 3225 ἀνάγκης
464 3135 662 3226 τεταγμένοις
687 3160 693 3201 ;
722 3139 853 3229 Fatum
875 3156 944 3203 aon
964 3157 1037 3203 esse
1055 3156 1227 3213 occassum,
1252 3135 1314 3201 sed

233 3273 374 3338 rnodum
385 3275 572 3357 querrodom
589 3293 723 3340 cauasoe
735 3277 948 3341 accidentem
966 3276 1012 3341 iis
1029 3295 1106 3359 pace
1119 3277 1142 3341 ὰ
1154 3275 1312 3341 Necessi-

232 3420 492 3487 tateordinatu.
508 3417 578 3488 Cor
590 3417 807 3511 philosophi!
825 3418 885 3512 qui
899 3419 1096 3490 Fortunam
1114 3418 1313 3511 Casumque

232 3553 325 3624 serio
343 3577 530 3627 numerare
547 3555 640 3627 inter
657 3578 804 3645 caussas
822 3556 941 3638 audet,
963 3579 1033 3627 non
1047 3556 1153 3627 audet
1166 3557 1308 3629 Fatum.

281 3692 351 3763 Sed
378 3692 471 3765 hunc
491 3695 591 3766 mitto
614 3719 621 3764 :
643 3695 687 3766 ad
707 3696 844 3767 Stoicos
868 3718 964 3766 meos
984 3695 1086 3767 venio
1104 3694 1196 3790 (nom
1218 3696 1311 3767 enim

263 3966 293 4027 (¹)
303 3966 487 4017 Curaristote
499 3982 528 4016 se
541 3968 592 4017 tait
604 3983 653 4018 sur
665 3969 840 4034 ceohapitre,
854 3971 919 4020 saus
929 3971 998 4020 dans
1013 3969 1038 4020 le
1056 3967 1148 4020 Traia
1159 3972 1197 4019 du
1210 3968 1310 4020 Mando

229 4049 265 4097 ou
278 4047 297 4097 il
311 4061 413 4111 exposa
426 4062 463 4098 un
476 4050 554 4098 autre
567 4048 726 4100 sentiment.

264 4129 295 4193 (²)
312 4130 384 4181 C'est
399 4131 471 4181 ainsi
490 4144 543 4192 que
556 4145 625 4181 nous
642 4132 775 4182 trouvons
792 4133 862 4182 dans
878 4135 993 4186 ciceron
1008 4137 1035 4186 et
1053 4135 1122 4186 dans
1141 4132 1246 4199 Virgite
1263 4147 1308 4184 ces

230 4212 407 4275 expressions
418 4215 477 4272 foto
485 4216 587 4276 perire,
598 4215 736 4276 etproeter
747 4216 849 4273 sutram.
