3262 5190
723 471 905 534 -laa-

274 655 307 715 et
319 671 469 738 scopum.
481 651 517 719 si
528 652 610 718 mihi
621 651 827 741 Theolognrn
835 674 935 740 agere
948 656 1166 742 propositum,
1177 656 1329 723 aberravi
1342 682 1349 720 :

273 782 301 847 si
318 781 570 871 Philosophum,
585 804 645 850 cur
656 781 815 873 culpant?

321 1462 506 1528 Haurimns
519 1462 609 1529 enirn
625 1466 643 1529 ὸ
660 1462 803 1544 lacunis,
821 1465 994 1555 inquiunt,
1011 1486 1087 1553 quae
1100 1464 1230 1532 liceete
1246 1466 1354 1553 puris-

275 1597 359 1664 simo
376 1595 568 1665 divinarum
587 1595 775 1666 litterarum
797 1599 901 1667 fonte.
922 1598 1043 1666 Hucne
1066 1619 1119 1665 me
1142 1598 1288 1664 vocant?
1311 1597 1356 1664 At

274 1752 338 1818 ego
362 1753 403 1799 ex
423 1731 536 1798 animo
559 1738 662 1799 testor
677 1740 710 1799 et
727 1731 920 1821 respondeo,
951 1753 1019 1798 non
1050 1730 1154 1798 aliam
1182 1753 1236 1798 me
1264 1732 1356 1798 viam

275 1861 395 1930 salutis
415 1885 525 1942 nosse,
544 1885 645 1953 qnam
660 1863 749 1931 hanc
774 1886 849 1955 qnae
869 1886 928 1953 per
949 1885 1057 1931 unum
1079 1840 1177 1930 illum
1193 1872 1226 1931 et
1249 1862 1355 1930 direc-

276 2003 349 2062 tum
361 1994 504 2063 limitem
517 1995 618 2063 ducat
635 2021 643 2062 :
658 1995 700 2062 ad
713 2017 812 2085 quem
825 2004 938 2064 tamen
949 1995 1224 2084 percurrendum,
1237 1993 1356 2068 huma,-

276 2148 338 2192 nas
355 2127 456 2193 etiam
474 2125 603 2193 litteras
622 2126 804 2194 laxamenti
824 2127 951 2217 aliquid
969 2127 1088 2194 afferre
1104 2146 1268 2202 censeam,
1287 2125 1356 2192 imo

276 2255 476 2347 adjumenti.
491 2257 678 2345 Augustini
695 2259 874 2325 consilium
891 2281 963 2326 esse
978 2260 1060 2344 scio,
1078 2280 1153 2348 qnae
1169 2263 1189 2325 a
1205 2256 1356 2326 Philoso-

276 2390 353 2480 phis
368 2390 493 2478 scripta
509 2398 588 2456 sunt
603 2390 775 2479 colligere,
789 2399 820 2459 et
834 2396 872 2458 ia
888 2411 986 2458 acum
1002 2399 1151 2459 nostram
1168 2390 1355 2468 vindicare,

271 2521 513 2609 possessoribus
533 2521 608 2589 illia
636 2525 779 2611 injectis
807 2531 932 2612 crepta.
965 2524 1037 2591 Hoc
1058 2525 1153 2614 sequi
1176 2523 1268 2592 volui
1294 2549 1302 2590 :
1324 2533 1358 2590 et

277 2655 434 2742 peccavit
452 2656 657 2735 Peccassem,
680 2655 797 2735 fateor,
820 2657 849 2723 si
867 2679 989 2746 purum
1006 2657 1099 2725 hunc
1117 2665 1150 2724 et
1175 2657 1356 2746 mysticum

277 2786 453 2876 religionis
476 2795 597 2854 nostrae
621 2787 784 2877 liquorem
812 2789 1034 2877 corrupissem
1061 2788 1165 2855 veteri
1189 2786 1304 2875 aliqua
1324 2763 1363 2854 et

276 2918 378 3007 olenti
410 2917 502 2996 faece.
537 2918 583 2996 At
609 2927 725 2995 contra
750 2920 859 2997 institi
890 2945 900 2997 ε,
932 2929 965 2987 et
996 2920 1183 2987 sordentem
1217 2941 1276 3007 per
1305 2941 1353 2997 se,

277 3074 463 3142 parumque
476 3053 637 3118 mundam
650 3054 848 3135 doctrinam,
868 3053 1056 3142 depurgare
1072 3060 1172 3142 atque
1187 3050 1356 3119 illustrare

278 3205 461 3273 aggressus
483 3206 557 3250 sum
575 3206 661 3250 novo
682 3186 746 3252 isto
772 3185 860 3257 Sole.
890 3185 953 3257 cui
978 3187 1066 3253 bono
1094 3192 1207 3253 autem
1231 3184 1266 3250 id
1288 3206 1356 3251 non

277 3321 427 3387 bonum?
439 3319 477 3386 ln
492 3320 788 3409 pugna,·equitum
801 3329 860 3387 ant
876 3321 1006 3386 statarii
1024 3320 1141 3387 militis
1154 3320 1356 3410 praecipuam

277 3475 411 3543 operam
422 3474 493 3520 esse
506 3453 630 3520 scimus
646 3477 657 3531 ς
672 3454 802 3541 spernis
811 3453 884 3520 ideo
897 3455 1092 3543 sagittarios
1105 3461 1137 3520 et
1149 3453 1358 3520 llrnditores‘?

279 3587 317 3652 ln
334 3585 431 3654 domo
448 3586 632 3663 extruenda
648 3586 821 3665 architecti
839 3587 1020 3653 maximam
1035 3587 1169 3664 laudem
1182 3594 1216 3660 et
1231 3608 1329 3653 nsum
1347 3611 1354 3651 :

279 3718 418 3785 tollesne
446 3739 563 3808 operas
589 3718 697 3806 igitar
726 3728 759 3785 et
783 3718 1025 3809 administros?
1043 3717 1134 3784 Idem
1161 3718 1217 3795 hic
1246 3739 1354 3795 oense,

280 3850 403 3916 divinae
419 3850 485 3926 illae
495 3848 617 3917 litterae
630 3850 701 3927 veri
714 3850 853 3930 roboria,
869 3871 956 3917 nerae
971 3849 1105 3916 virtutis
1117 3857 1151 3922 et
1163 3850 1357 3917 constantiae

279 3983 392 4051 solidae
408 3982 614 4050 effectrices:
640 4004 700 4050 neo
720 3991 831 4054 tamen
857 3983 1039 4059 humanam
1055 4003 1190 4070 prorsus
1214 3981 1356 4071 Sapien-

280 4120 361 4185 tiam
382 4139 499 4207 sperne
520 4143 527 4182 :
552 4138 625 4185 earn
647 4116 720 4183 dico
737 4138 811 4204 qnae
834 4137 901 4183 non
918 4137 952 4182 se
969 4114 1074 4192 effert,
1092 4115 1150 4182 sed
1167 4116 1270 4182 servit
1286 4115 1356 4204 pla-

279 4255 352 4323 cide
365 4260 397 4320 et
414 4251 604 4319 ancillatur.
625 4249 779 4338 Lapides,
800 4257 972 4329 cernente,
993 4247 1129 4327 calcem,
1148 4270 1188 4316 ex
1205 4250 1307 4324 veteri
1325 4259 1356 4315 et
