3262 5190
719 477 902 539 -318-

322 657 391 729 sed
419 682 494 740 our,
528 659 678 752 inquies,
703 658 877 729 malorum
903 681 1011 752 opera
1037 658 1124 729 deus
1143 656 1270 729 utitur?
1289 681 1352 729 cur

272 796 346 889 ipse
373 797 491 868 clades
521 820 583 868 eas
605 798 716 868 bonas
746 820 814 868 non
848 797 1015 879 immittit,
1045 806 1106 868 aut
1136 797 1261 868 saltem
1289 818 1352 888 per

272 934 384 1006 bonos
402 935 652 1008 administros?
669 937 815 1008 Curiose
833 936 955 1018 nimis,
978 936 1022 1006 mi
1043 936 1166 1017 homo,
1188 935 1318 1029 quaeris
1341 958 1347 1003 :

273 1100 337 1147 neo
352 1077 424 1147 scio
438 1101 484 1148 an
499 1100 631 1149 arcana
645 1078 707 1149 illa
722 1077 919 1171 expediam,
938 1079 1003 1149 hoo
1018 1078 1103 1158 seio,
1123 1084 1286 1148 constare
1300 1076 1350 1146 illi

272 1217 446 1289 rationem
479 1219 533 1290 sui
558 1219 655 1300 facti,
682 1220 789 1291 etiam
812 1243 891 1291 oum
916 1220 959 1291 de
984 1243 1027 1291 ea
1044 1218 1131 1290 nihil
1149 1219 1251 1291 nobis
1269 1243 1350 1290 con-

223 1354 226 1359 ’
272 1364 356 1432 stat.
378 1360 424 1430 Et
442 1367 560 1430 tamen
583 1359 666 1454 quid
691 1360 748 1431 hic
775 1360 867 1442 miri,
896 1368 957 1431 aut
982 1359 1084 1430 novit
1108 1360 1199 1431 Ecce
1217 1382 1351 1452 praeses

273 1497 462 1589 provinciae
477 1498 513 1568 in
536 1498 678 1570 noxium
696 1499 848 1592 aliquem
869 1522 955 1569 cum.
966 1499 1044 1591 lege
1059 1499 1134 1591 agit
1154 1487 1170 1569 ε’
1184 1498 1241 1590 agi
1251 1497 1351 1591 jubet

272 1637 572 1728 perBrutianum,
594 1645 656 1708 aut
673 1638 847 1709 lictorem.
877 1639 986 1709 Pater
1011 1638 1047 1708 in
1070 1660 1200 1729 magna
1218 1636 1352 1707 familia

272 1774 448 1844 interdum
471 1775 582 1845 filium
601 1775 678 1869 ipse
695 1774 861 1867 castigat,
883 1784 936 1845 est
955 1797 1032 1845 cum
1050 1797 1153 1844 servo
1171 1774 1207 1844 id
1224 1796 1351 1843 munus

273 1915 417 1985 mandat
440 1922 502 1985 aut
524 1915 735 2008 paedagogo
765 1937 827 1986 our
844 1915 910 1984 deo
932 1914 1113 1985 non-idem
1125 1913 1184 2006 jus
1203 1913 1270 1983 sitt
1290 1936 1352 1983 cur

274 2077 342 2124 non
373 2054 461 2147 ipse,
491 2078 570 2125 oum
594 2055 721 2136 visum,
752 2078 817 2125 sua
842 2078 948 2125 manu
975 2078 1039 2125 nos
1064 2054 1243 2136 verberet3
1273 2077 1349 2123 cum

272 2193 375 2264 aliter
392 2193 518 2276 visum,
538 2195 676 2267 alienat
695 2196 794 2266 Nihil
805 2196 897 2266 enim
915 2196 971 2266 hic
989 2195 1142 2289 injuriae,
1157 2203 1218 2265 aut
1231 2218 1347 2266 noxae.

272 2331 402 2402 Servus
431 2332 492 2403 ille
526 2332 639 2404 iratus
664 2334 727 2404 tibi
757 2336 831 2404 est‘t
859 2335 1011 2405 animum
1039 2334 1154 2404 adfert
1182 2333 1349 2404 nocendi?

272 2471 370 2540 Nihil
389 2470 508 2541 refert.
526 2478 563 2542 tu
576 2471 637 2541 illo
651 2471 786 2543 ¹omisso
805 2472 851 2542 ad
864 2471 1020 2542 animum
1034 2472 1168 2565 respice
1176 2471 1346 2564 jubentis.

273 2612 382 2681 Pater
402 2609 496 2682 enim
513 2619 608 2683 certe
626 2619 770 2683 exactor
788 2611 907 2683 adstat
929 2637 936 2682 :
961 2635 1026 2682 nec
1045 2611 1224 2704 plagulam
1246 2635 1351 2682 unam

271 2748 335 2819 tibi
352 2749 540 2842 superaddi
558 2748 661 2830 sinet,
684 2749 777 2820 ultra
794 2748 1053 2843 praescriptum.

324 3665 394 3737 Sed
412 3689 474 3736 our
491 3673 608 3736 tamen
635 3675 815 3760 peceatum
834 3666 890 3737 hic
908 3666 1113 3749 admixtum,
1138 3674 1173 3737 et
1196 3664 1350 3736 adfixum

274 3803 402 3874 divinis
416 3803 471 3874 his
486 3805 626 3896 sagittis
636 3805 844 3876 Adseotuum
860 3807 1053 3876 venenumt
1069 3806 1124 3876 nd
1138 3828 1302 3898 asperum
1317 3814 1351 3875 et

274 3942 423 4011 arduum
441 3966 496 4012 me
515 3942 639 4012 collem
658 3966 763 4014 vocas
786 3967 792 4011 :
820 3943 855 4012 in
876 3966 977 4037 quem
1001 3951 1119 4013 tamen
1145 3942 1272 4012 enitar.
1303 3942 1351 4011 Ut

274 4083 482 4175 sapientiam
497 4084 758 4176 potentiamque
772 4107 873 4154 suam
887 4084 982 4154 Deus
997 4084 1209 4164 ostenderet,
1226 4086 1351 4172 metiris

271 4224 441 4306 judicavit
461 4220 660 4313 (Augustini
681 4222 788 4292 verba
806 4222 898 4316 sunt)
924 4229 967 4292 de
988 4228 1091 4292 roralis
1113 4226 1200 4292 bono
1219 4226 1349 4307 facere,
