3262 5190
414 1273 506 1352 Quid
540 1273 733 1345 miramurl
769 1273 831 1346 Sol
861 1272 921 1344 ille
955 1280 1123 1367 quantam
1154 1274 1275 1344 mundi
1306 1282 1443 1367 partem

365 1412 469 1483 simul
482 1412 612 1485 lustret
629 1420 665 1485 et
684 1412 855 1483 illustrat!
872 1419 996 1483 nostra
1017 1435 1116 1482 mens
1134 1418 1302 1505 quantam
1317 1434 1444 1504 conge·

364 1573 439 1622 rem
452 1574 571 1622 rerum
585 1573 656 1621 una
673 1548 888 1642 cogitatione
902 1549 1146 1643 complectitur
1160 1556 1195 1620 et
1209 1551 1337 1621 sensui
1378 1559 1404 1632 t,
1422 1554 1443 1620 ὀ

365 1690 467 1773 fatui,
479 1712 551 1761 non
565 1712 748 1760 censemus
757 1689 860 1782 plura
873 1687 997 1781 inspici
1012 1695 1047 1759 et
1061 1688 1196 1782 concipi
1209 1689 1254 1759 ab
1268 1712 1309 1759 eo
1324 1712 1440 1781 posse,

366 1828 425 1922 qui
441 1827 536 1898 hunc
553 1826 669 1920 ipsum
688 1825 819 1906 Solem,
839 1825 932 1897 hanc
950 1826 1063 1920 ipsam
1081 1826 1238 1897 Mentem
1257 1826 1392 1897 creavit
1409 1834 1445 1897 et

364 1967 468 2041 fecitl
490 1965 645 2058 Egregie
670 1963 727 2035 vel
752 1962 870 2035 divine
892 1963 1022 2057 potius,
1042 1963 1074 2034 is
1098 1964 1250 2057 quinon
1273 1965 1384 2035 multa
1402 1965 1445 2035 de

365 2107 471 2176 rebus
495 2103 640 2185 divinis,
664 2101 874 2174 Aristoteles
899 2131 905 2172 :
930 2107 1026 2179 Quod
1050 2106 1088 2170 in
1112 2107 1198 2171 nori
1218 2105 1444 2190 gubernator,

364 2249 403 2313 in
427 2267 538 2312 curru
554 2246 701 2330 euripo,
728 2246 766 2310 ia
789 2245 892 2310 choro
912 2250 1121 2328 praecentor,
1147 2245 1185 2309 in
1210 2245 1296 2310 urbe
1317 2247 1390 2322 lea,
1408 2248 1445 2310 in

364 2387 524 2452 coercita
544 2387 762 2470 imperator:
780 2385 819 2450 id
844 2385 881 2449 in
901 2384 984 2450 orbe
1004 2391 1054 2450 est
1073 2387 1181 2453 Deus.
1209 2387 1285 2451 Hoc
1309 2392 1445 2451 tantum

364 2525 581 2603 discrimine,
591 2525 683 2608 qaod
695 2524 766 2588 illis
777 2523 917 2605 quidem
928 2522 1140 2588 laboriosum
1153 2525 1260 2589 situm
1275 2524 1445 2608 repimea,

365 2662 529 2739 annium,
551 2667 584 2726 et
608 2661 804 2726 accercitum
828 2666 879 2725 est
897 2689 905 2725 :
926 2660 989 2726 dec
1011 2665 1128 2755 cutem
1151 2661 1227 2726 sine
1251 2661 1368 2735 delore
1386 2667 1446 2726 out

365 2799 493 2876 labore,
511 2800 773 2883 sejunctumque
790 2798 834 2864 ab
847 2799 943 2863 omni
956 2799 1115 2882 corporis
1128 2800 1222 2866 nisu.

416 3249 482 3319 Est
510 3247 621 3340 igilur
642 3249 678 3319 in
704 3249 783 3331 deo,
809 3248 921 3344 Lipsi,
950 3249 1027 3331 fuit,
1055 3249 1135 3332 erit,
1163 3272 1334 3322 rnamom
1364 3274 1444 3326 mua

367 3407 411 3456 nr
427 3407 565 3457 reeens
579 3408 675 3458 cuna
688 3385 762 3480 (sed
777 3408 863 3457 cura
876 3393 996 3474 tamen
1014 3387 1150 3482 secura)
1164 3411 1234 3466 oun
1248 3411 1315 3460 aas
1329 3411 1446 3460 cirues

367 3547 530 3606 merrom,
558 3547 652 3608 unm,
680 3548 872 3598 ooouosom
901 3552 908 3596 :
935 3549 979 3597 nr
1001 3549 1172 3599 oooumls
1196 3549 1334 3598 rumora
1360 3551 1446 3605 oul-

368 3686 443 3735 onn
465 3687 509 3735 nr
533 3686 664 3736 ionem
691 3686 794 3736 roms
818 3687 923 3736 snam
948 3687 1085 3736 nnuorr
1106 3687 1151 3735 no
1179 3686 1382 3736 ouannulr.
1407 3663 1446 3732 ld

367 3809 486 3903 autem
506 3810 572 3884 est,
596 3803 688 3895 quod
710 3803 969 3897 providentiam
991 3803 1048 3875 hic
1073 3826 1173 3875 voco.
1195 3804 1238 3874 de
1260 3826 1329 3896 qua
1347 3803 1445 3896 queri

269 4038 272 4042 .
367 3960 438 4009 non
469 3961 572 4008 nemo
597 3961 660 4031 per
683 3938 958 4012 imbecillitatem
984 3941 1114 4034 possit,
1144 3962 1245 4011 nemo
1271 3963 1442 4033 quaerere,

368 4075 437 4147 nisi
459 4076 517 4169 qui
544 4076 728 4147 obsurduit
748 4085 783 4149 et
807 4078 989 4150 obbrutuit
1012 4088 1137 4151 contra
1158 4079 1308 4150 Naturae
1325 4102 1446 4150 vocem

369 4236 506 4284 omnem
521 4222 556 4283 et
569 4235 723 4284 sensum.
