3262 5190
752 458 935 519 —tm-

748 760 851 831 ΟΑΡ.
874 762 937 831 111.

303 997 349 1058 Αἰ
370 1016 453 1060 veroa
477 1001 576 1062 animi
594 1003 708 1065 morbos
728 1023 787 1066 noo
810 1005 878 1066 tolli
895 1007 939 1083 oct,
962 1024 1020 1066 non
1036 1007 1136 1069 mironi
1151 1030 1159 1065 .·
1176 1008 1234 1068 imo
1246 1025 1302 1087 por
1314 1026 1378 1071 oona

343 1121 559 1201 recrudescere.
576 1121 726 1188 Animum
740 1142 800 1187 occo
810 1127 866 1202 qui
879 1127 912 1188 in
926 1126 1010 1188 notia
1029 1133 1151 1206 oprotot
1166 1150 1174 1188 .·
1190 1130 1274 1208 eique
1286 1146 1381 1190 romo-

342 1243 429 1305 dz'om
445 1243 638 1327 dSopiontio
651 1253 679 1309 ot
694 1247 872 1312 Constantio
879 1250 1053 1330 petendum.

353 1545 435 1615 Nou
463 1553 589 1617 avocat
608 1547 728 1639 igitur,
745 1549 874 1642 inquis,
892 1551 996 1622 etiarn
1016 1552 1145 1623 avaris
1163 1552 1266 1624 malis
1283 1575 1381 1646 pere·

303 1684 481 1775 grinatiol
502 1708 572 1756 non
591 1687 704 1779 campi
722 1687 772 1758 illi
793 1690 982 1783 conspecti,
1000 1697 1035 1761 et
1055 1691 1211 1773 flumina,
1226 1698 1264 1762 'et
1281 1715 1378 1762 mon·

302 1830 368 1905 tce,
390 1832 524 1945 ponunt
544 1832 579 1896 te
603 1835 705 1897 extra
725 1826 856 1898 doloris
875 1830 926 1899 tui
950 1832 1112 1901 sensum?
1130 1831 1291 1902 Avocant
1308 1831 1379 1901 ior-

300 1968 396 2032 tasse
422 1963 598 2035 interdurn
623 1973 658 2036 et
678 1972 825 2059 ponunt,
852 1966 913 2036 sed
932 1989 995 2038 nec
1017 1968 1054 2038 in
1075 1968 1231 2060 longum,
1258 1970 1379 2039 necin

301 2105 443 2177 bonum.
471 2105 518 2175 Ut
541 2104 694 2198 pictura,
720 2106 878 2199 quamvis
905 2107 1070 2198 egregia,
1099 2106 1191 2177 oculi
1221 2129 1293 2178 non
1320 2108 1379 2177 diu

301 2246 520 2316 delectantur
537 2271 544 2316 :
563 2246 613 2317 sic
627 2245 740 2315 omnis
754 2246 824 2316 ista
836 2245 1017 2317 hominum
1029 2247 1255 2339 locorumque
1267 2245 1379 2316 varie·

301 2392 355 2453 tas
374 2384 530 2453 novitate
549 2404 613 2452 nos
632 2382 739 2475 capit,
760 2383 823 2453 sed
838 2382 884 2452 ad
897 2383 1003 2454 breve
1017 2391 1166 2476 tempua
1188 2383 1377 2454 Aberratio

299 2521 377 2591 hoec
395 2520 554 2613 aliquod
578 2520 680 2591 malis
698 2527 764 2602 est,
786 2543 857 2591 non
874 2492 960 2612 fuga
983 2545 989 2591 :
1013 2544 1076 2591 nec
1098 2520 1203 2591 solvit
1220 2521 1376 2614 peregri·

300 2658 396 2729 natio
421 2657 553 2738 doloris
579 2659 671 2729 hanc
695 2657 893 2738 cathenam,
915 2657 977 2727 sed
1002 2657 1111 2728 laxat.
1140 2657 1232 2734 Quid
1260 2665 1377 2728 autem

300 2798 393 2870 istud
413 2821 468 2868 me
478 2798 594 2892 juvat,
617 2799 646 2869 si
665 2798 779 2870 lucem
796 2797 976 2893 paulisper
998 2798 1112 2879 video,
1134 2797 1170 2868 in
1189 2799 1377 2870 arctiorem

300 2958 381 3009 mox
395 2958 573 3008 carcerem
583 2936 879 3029 compingendust
895 2938 949 3007 lta
962 2911 1117 3028 profecto
1131 2942 1196 3005 est.
1207 2934 1378 3010 insidian-

302 3085 360 3146 tur
387 3076 505 3145 animo
533 3080 688 3144 externae
714 3073 772 3144 hae
802 3095 923 3142 omnes
949 3072 1161 3165 voluptates,
1196 3080 1231 3142 et
1261 3073 1377 3165 specie

297 3213 444 3305 juvandi
466 3210 584 3304 'magis
608 3211 756 3282 laedunt.
779 3211 828 3282 Ut
851 3211 1106 3280 medicamenta
1124 3209 1238 3280 minus
1256 3209 1375 3281 valida

301 3374 371 3422 non
389 3351 580 3422 extrahunt
594 3349 776 3419 humorem
790 3347 944 3429 noxium,
963 3347 1024 3417 sed
1038 3352 1178 3418 movent
1194 3371 1202 3418 t
1222 3346 1272 3418 sic
1285 3370 1377 3418 vana

301 3491 379 3562 haec
397 3488 583 3562 delectatio
598 3487 715 3558 irritat
730 3486 766 3556 in
780 3485 881 3557 nobis
899 3485 1042 3556 fluctum
1059 3484 1158 3556 illum
1176 3485 1375 3578 cupidinum

190 3657 192 3661 ’
301 3641 336 3704 et
355 3633 523 3723 adauget.
544 3630 626 3700 Non
641 3628 701 3698 diu
719 3626 812 3697 enim
826 3630 847 3696 a
861 3648 899 3697 se
913 3626 1056 3696 aberrat
1068 3625 1205 3695 animus
1223 3650 1230 3696 :
1246 3624 1376 3695 sedvel

300 3773 430 3843 invitus
448 3771 588 3840 domum
607 3791 688 3838 mox
705 3764 937 3860 compellitur,
960 3773 994 3835 et
1012 3764 1049 3839 in
1066 3771 1167 3834 vetus
1189 3764 1374 3834 contuber-

299 3909 395 3978 nium
422 3907 606 3978 malorum.
626 3902 690 3972 llla
707 3904 786 3996 ipsa
809 3903 938 4005 oppida
961 3910 1147 3994 conspecta
1165 3909 1200 3972 et
1222 3909 1371 3983 montes,
1427 3995 1430 4001 Ι

301 4049 468 4119 reducent
483 4052 517 4115 to
532 4042 743 4135 cogitatione
757 4042 793 4111 in
807 4048 903 4111 tuam
918 4041 1067 4133 patriam
1085 4067 1091 4111 :
1107 4048 1141 4111 ot
1155 4041 1246 4111 inter
1260 4042 1376 4111 media

303 4187 434 4280 gaudia
452 4184 586 4255 uidebis
605 4182 737 4274 aliquid
755 4181 827 4251 sive
848 4181 981 4263 audica,
1003 4181 1094 4273 quod
1114 4205 1253 4251 sensum
1276 4180 1373 4250 resri-
