3262 5190
750 475 934 539 —uts-

722 780 827 852 CAP.
860 781 963 853 XIX.

298 1000 452 1072 (Quartum
467 999 530 1061 eive
540 1016 645 1061 verum
656 999 772 1063 Fatum
783 1002 978 1083 explicatum.
993 1003 1168 1069 Dementiae
1183 1007 1247 1088 ipso
1262 1008 1377 1071 dietum

336 1121 467 1184 breviter
498 1121 541 1182 Id
566 1121 730 1200 definitum
753 1125 891 1187 tenuiore
902 1127 962 1205 filo
981 1147 990 1186 :
1009 1132 1037 1189 et
1056 1132 1206 1192 ostensum
1224 1129 1243 1191 ὰ
1265 1131 1376 1193 Provi-

333 1246 438 1308 dentia
451 1245 588 1327 drusum

342 1453 411 1525 Sed
432 1454 475 1525 de
494 1476 600 1525 sensu
620 1462 778 1526 veterum
805 1461 867 1526 aut
888 1453 1064 1538 dissensu,
1086 1455 1159 1526 dixi
1179 1456 1280 1530 satis.
1310 1482 1373 1530 eur

291 1593 430 1665 curiose
444 1592 550 1665 nimis
567 1599 629 1664 aut
642 1593 819 1665 subtiliter
837 1601 974 1665 scruter
986 1599 1040 1672 τὰς
1055 1599 1086 1663 ἐν
1100 1594 1171 1682 ᾅδου
1184 1597 1368 1690 τριακάδαςϊ

290 1735 377 1805 Cum
400 1757 485 1805 vero
509 1733 600 1805 Fato
618 1733 766 1805 adfatim
784 1733 869 1805 mihi
887 1733 1021 1828 negotii
1043 1736 1161 1829 :quod
1182 1759 1276 1808 nunc
1287 1761 1369 1831 pro·

288 1895 380 1966 pono
393 1879 428 1944 et
441 1870 593 1947 illustro.
616 1872 656 1943 ld
669 1880 789 1945 eutem
802 1872 859 1943 hie
878 1873 1031 1967 appello,
1053 1882 1227 1946 ueternum
1247 1877 1370 1947 Provi-

287 2011 417 2083 dentiae
436 2012 615 2101 decretum
632 2036 639 2083 :
661 2011 755 2106 quod
772 2011 849 2082 tolli
868 2034 938 2082 non
952 2009 1068 2104 magis
1083 2017 1103 2083 <t
1117 2013 1222 2085 rebus
1236 2022 1365 2107 potest,

286 2155 390 2246 quium
412 2149 641 2221 Providentia
654 2149 745 2243 ipsa.
766 2148 843 2221 Nec
860 2172 987 2220 nomen
1001 2149 1085 2220 mihi
1111 2150 1239 2246 aliquis
1258 2154 1365 2225 cavil-

284 2290 388 2361 letur.
405 2288 500 2382 quie,
527 2287 678 2357 fidenter
702 2286 770 2358 hoe
786 2286 970 2370 adserere,
999 2311 1071 2359 non
1087 2289 1183 2362 aliud
1209 2289 1291 2363 huic
1313 2294 1365 2365 rei

284 2427 465 2522 proprium
475 2426 511 2496 in
525 2426 690 2497 Romana
702 2423 837 2518 lingua.
849 2425 963 2497 Abusi
976 2450 1019 2498 eo
1032 2430 1192 2500 veteresl
1207 2454 1272 2502 nos
1288 2438 1368 2503 ute·.

285 2591 363 2638 mur
380 2592 387 2639 :
409 2573 444 2638 et
462 2566 623 2637 eductam
637 2569 656 2636 ὁ
670 2564 868 2638 Stoicorum
882 2586 1166 2650 carcerevocem,
1183 2569 1364 2642 trahemus

283 2707 328 2779 ad
346 2707 459 2779 lucem
486 2705 680 2776 meliorem.
713 2704 842 2775 Fatum
865 2703 959 2775 enim
977 2712 1072 2777 certe
1090 2709 1112 2775 t
1129 2707 1266 2780 lando:
1296 2733 1361 2782 nec
1468 2744 1471 2749 ·

281 2848 376 2920 aliud
395 2845 550 2942 proprie,
571 2848 675 2941 quum
694 2849 826 2915 dictum
852 2853 886 2914 et
907 2848 1044 2930 jussum
1064 2850 1225 2917 divinum
1235 2842 1282 2941 (¹).
1310 2849 1357 2920 At

282 2988 347 3058 hoc
360 2989 475 3080 ipsum
493 2983 580 3056 illud
593 2989 660 3065 est,
677 2981 770 3076 quod
781 2981 839 3054 hic
852 2981 1057 3074 quaerimus,

324 3470 452 3542 Fatum
471 3468 564 3540 enim
587 3468 720 3539 Verum
739 3466 881 3550 definin,
905 3467 979 3539 sive
998 3492 1075 3541 cum
1094 3470 1223 3542 illustri
1240 3473 1324 3544 Pico
1343 3500 1349 3545 :

277 3611 500 3682 l'uuueuruu
511 3631 534 3679 Α
547 3629 670 3678 1>1v1u0
680 3628 840 3678 couffluro
854 3629 987 3679 suuruu
1002 3630 1236 3689 ouuruuuoue
1250 3636 1353 3685 elus-

274 3772 408 3822 isuu.
422 3748 495 3820 sive
513 3745 644 3818 nostris
663 3745 792 3829 verbis,
813 3746 998 3819 obscurius
1013 3748 1074 3820 sed
1092 3750 1256 3823 subtilius
1274 3755 1353 3826 :lu-

273 3912 429 3961 uruuuus
448 3910 563 3959 ussus
590 3908 781 3957 uomursus
809 3908 986 3958 1uu0131uu
1006 3888 1269 3962 PuovmuurrAE
1288 3916 1350 3971 ue·

271 4050 427 4109 (ruerus,
459 4049 551 4104 Quor
582 4047 735 4097 srueuul
765 4046 829 4095 suo
850 4025 1007 4109 orimur,
1026 4027 1134 4112 L000‚
1157 4030 1349 4117 Tenemus,

301 4261 330 4325 (¹)
349 4260 385 4309 Ge
398 4259 513 4310 senties
527 4259 635 4323 parolus
648 4260 681 4309 ule
695 4260 820 4311 l'riseieu
834 4264 861 4310 et
873 4262 907 4311 de
920 4260 1037 4315 l'urrou.
