3204 5174
772 496 957 558 -am-

326 678 393 749 erit
424 672 589 771 salusque
616 676 770 748 Romani
797 683 924 747 status,
951 676 1006 745 Tu
1031 675 1144 745 Attila
1175 677 1219 746 ab
1246 683 1408 747 extremo

327 818 411 889 orbe
437 816 577 899 advola,
602 815 725 888 sitiens
739 816 923 909 sanguinis
949 823 984 888 et
1006 817 1152 910 praedae.
1172 840 1269 910 rape,
1291 819 1406 900 caede,

327 980 402 1039 ure,
423 963 536 1026 vasta.
559 954 706 1026 Saevitia
719 955 796 1025 haec
814 954 880 1025 deo
899 953 1066 1025 militabit
1084 977 1170 1025 :nec
1189 955 1284 1025 aliud
1301 978 1410 1048 quam

326 1092 489 1166 excitatio
513 1092 794 1164 Christianorum
816 1092 897 1173 erit,
923 1092 982 1186 qui
1009 1093 1104 1163 vitiis
1130 1102 1164 1163 et
1187 1092 1317 1164 delitiis
1335 1095 1408 1163 im—

327 1235 433 1308 mersi
467 1232 571 1304 nimis
601 1240 662 1303 aut
692 1232 834 1325 sepulti.
862 1232 953 1310 Quid
983 1256 1046 1304 vos
1077 1232 1147 1303 duo
1174 1233 1409 1326 Vespasiani?

326 1376 489 1447 Judaeum
509 1373 723 1466 Judaeosque
743 1374 879 1467 perdite
901 1397 908 1442 :
930 1373 1044 1467 capite
1067 1381 1102 1443 ct
1117 1372 1265 1443 excidite
1283 1372 1410 1442 urbem

327 1537 478 1586 sacram.
500 1536 569 1606 qua
586 1512 670 1584 finit
686 1536 749 1583 vos
763 1512 1042 1606 quidemgloriae
1061 1522 1096 1583 et
1109 1512 1331 1605 propagandi
1346 1512 1411 1582 im-

252 1620 255 1623 i
328 1654 416 1748 perii
436 1672 443 1722 ε
465 1653 527 1723 sed
545 1652 686 1723 erratis.
718 1674 842 1722 revera
859 1652 1003 1723 lictores
1021 1661 1056 1722 et
1075 1652 1247 1723 satellites
1263 1651 1410 1723 ultionis

328 1793 456 1864 divinae
468 1792 552 1863 estis
567 1792 602 1861 in
613 1790 755 1884 impiam
770 1797 922 1883 gentem.
937 1792 989 1861 lte
1006 1816 1012 1861 :
1030 1791 1131 1884 etqui
1146 1792 1272 1862 Romae
1287 1791 1410 1862 Chris—

328 1931 444 2002 tianos
474 1936 585 2000 morte
611 1930 763 2015 sortasse
798 1930 974 2011 adficitiS,
1014 1929 1144 2001 Christi
1182 1938 1331 2002 mortem
1372 1931 1409 2001 in

323 2070 446 2163 judaea
463 2070 638 2141 vindicate
658 2069 704 2163 (¹).

379 2261 424 2330 Et
441 2258 600 2352 exempla
618 2258 695 2328 lraec
713 2259 757 2329 ab
783 2261 878 2330 omni
904 2232 981 2331 aevo
1008 2261 1125 2339 obvia,
1150 2261 1207 2330 ubi
1232 2261 1318 2331 deus
1346 2284 1409 2354 per

329 2395 509 2488 improbas
526 2395 675 2464 aliorum
694 2396 894 2489 cupidines,
916 2397 1044 2468 bonam
1066 2420 1166 2468 suam
1192 2398 1408 2469 voluntatem

330 2534 504 2616 exercuit;
526 2556 588 2627 per
606 2533 756 2604 aliorum
775 2534 996 2628 injustitiam,
1020 2535 1177 2607 exseruit
1190 2535 1326 2628 judicio
1344 2560 1408 2606 sua

320 2667 432 2767 justa.
455 2673 571 2750 Quare
591 2673 770 2754 miremur,
793 2674 904 2767 lipsi,
924 2674 1141 2745 reconditam
1156 2674 1411 2767 hanc-Sapien-

327 2813 386 2884 tiae
400 2813 482 2893 vim,
505 2835 574 2882 non
593 2812 780 2895 rimemur;
798 2822 832 2882 et
854 2814 1006 2883 sciamus
1025 2814 1145 2884 clades
1167 2837 1288 2884 omncs
1312 2815 1409 2886 exitu

328 2954 437 3023 bonas
456 2976 547 3032 esse,
569 2953 675 3022 etiam
701 2952 729 3022 si
762 2975 859 3022 coeca
887 2953 963 3022 haec
990 2977 1087 3024 mens
1106 2977 1176 3023 non
1194 2953 1324 3032 videat,
1347 2963 1409 3024 aut

329 3092 431 3161 tarda
461 3115 502 3160 co
529 3114 598 3160 uon
623 3092 814 3182 pertingat.
848 3093 974 3162 Latent
1006 3094 1097 3162 enim
1129 3118 1192 3163 nos
1220 3116 1314 3186 saepe
1334 3095 1408 3162 veri

329 3253 448 3298 carum
468 3230 556 3297 lines
576 3252 582 3295 :
607 3230 651 3296 ad
669 3252 757 3321 quos
779 3239 897 3297 tamen
912 3229 1048 3320 ignaris
1067 3232 1168 3300 nobis
1186 3232 1404 3324 pervenient.

330 3393 397 3439 non
417 3369 520 3438 aliter
538 3391 642 3460 qnam
657 3367 752 3437 fluvii
768 3369 929 3462 quidum,
952 3371 1009 3463 qui
1029 3372 1140 3464 erepti
1160 3372 1269 3441 oculis
1288 3379 1323 3441 et
1342 3374 1408 3442 sub

328 3518 458 3579 terram
477 3507 667 3588 reconditi,
689 3508 850 3577 l'eruntur
869 3508 1096 3580 nihilominus
1116 3511 1161 3579 ad
1177 3535 1276 3581 suum
1293 3534 1404 3583 mare.

362 3810 389 3869 (Γ)
409 3811 447 3859 lci
461 3811 561 3869 corruit,
576 3811 645 3858 dans
658 3809 698 3857 les
713 3810 861 3871 premieres
879 3811 1008 3871 editions,
1028 3810 1052 3858 le
1071 3826 1188 3874 passage
1206 3814 1325 3874 suivant,
1344 3829 1407 3878 sup·

330 3899 417 3961 prime
431 3913 480 3962 par
492 3900 572 3948 unsre
586 3899 668 3961 Lipse
681 3904 761 3961 apres
776 3914 807 3948 sa
820 3901 1026 3951 reconciliatum
1040 3916 1104 3951 aroc
1118 3902 1281 3965 l'llspagnc:

364 4012 375 4028 ι·
395 3989 469 4037 l'ous
481 3990 566 4047 enlin,
580 3989 633 4037 duc
650 3988 760 4048 dalle,
778 4002 830 4049 que
848 3992 1074 4052 pretendentem
1092 4005 1158 4040 an'ec
1178 3996 1254 4042 rotro
1273 3995 1408 4056 potitique

331 4107 342 4118 ··
363 4078 479 4126 cruellcl
493 4078 621 4126 illl'crmir
632 4077 767 4125 l'uutoritc':
780 4078 815 4125 du
831 4078 882 4128 Roi
892 4084 918 4128 et
930 4080 997 4129 celle
1010 4082 1042 4129 dc
1057 4084 1131 4129 ratri¹
1140 4084 1234 4131 nutiun
1248 4084 1329 4132 surla
1344 4085 1401 4133 ltel-

332 4195 343 4207 κ
363 4167 463 4229 gique'l
476 4166 550 4214 l'ons
563 4168 650 4225 numi,
664 4180 730 4214 vous¹
744 4170 802 4215 eres
816 4168 885 4215 ilaus
899 4168 1027 4217 l'nruuir:
1042 4185 1109 4217 rcum
1131 4171 1214 4218 iss-tos
1227 4186 1279 4233 quo
1293 4173 1317 4220 le
1336 4174 1407 4223 llcau

332 4284 343 4297 ··
363 4258 388 4303 el
403 4255 822 4304 lecnr·1·ectil'‹lela‹lissoluliou
837 4258 885 4305 des
900 4258 1016 4319 llrlges:
1032 4275 1100 4308 nous
1117 4263 1226 4310 n'nuons
1239 4264 1368 4326 appreciet
1383 4264 1408 4311 le
