3262 5190
716 466 900 528 ..342-

273 651 379 721 urbes
405 648 512 719 struit
535 654 571 718 et
592 646 746 718 aedificat
763 670 829 717 sua
848 670 998 740 quaeque
1023 654 1112 717 aetas
1134 673 1140 716 :
1162 654 1198 717 et
1213 647 1281 717 nisi
1297 648 1349 718 in·

272 786 397 857 cendia
414 786 650 856 interveniant
667 799 730 856 aut
742 785 870 867 ruinae,
891 787 950 856 rix
968 786 1100 879 ceperit
1118 808 1161 856 ea
1178 794 1299 858 noster
1316 796 1351 857 et

271 927 361 997 alter
379 925 499 996 Orbis,

322 1636 368 1705 Et
393 1633 488 1713 licet,
509 1632 546 1701 111
563 1632 778 1724 cogitatione
796 1631 915 1711 simili,
937 1630 1161 1723 perambules
1186 1637 1349 1700 naturam

273 1774 364 1844 hanc
381 1795 512 1842 rerum.
535 1771 627 1847 Quid
644 1793 730 1863 ergo
753 1770 893 1851 mirum,
915 1769 945 1839 si
964 1770 1153 1840 Saturnius
1173 1769 1232 1840 ille
1249 1776 1351 1863 pater

271 1914 397 1984 falcem
406 1911 582 1982 interdum
592 1911 748 1982 immittit
761 1910 1044 1981 inluxuriantem
1056 1909 1150 1980 hunc
1158 1931 1297 2002 agrum,
1315 1918 1351 1980 et

272 2052 452 2146 superflua
473 2051 607 2144 aliquot
623 2050 735 2121 millia
752 2060 852 2144 peste
877 2051 1035 2131 demetit,
1057 2058 1119 2120 aut
1136 2050 1251 2139 bellot
1270 2049 1350 2119 Nisi

271 2192 428 2262 faceret:
449 2213 529 2283 quae
542 2190 617 2282 jam
636 2191 735 2283 regio
753 2190 934 2284 capiendis
951 2190 1053 2260 nobis
1067 2189 1135 2260 sitl
1153 2212 1232 2283 quae
1246 2187 1351 2259 tellus

273 2331 432 2401 alendis?
448 2332 577 2400 Pereat
587 2353 673 2422 ergo
682 2330 762 2422 jure
775 2332 811 2401 in
825 2331 988 2422 partibus
1002 2329 1149 2422 aliquid,
1162 2337 1200 2399 ut
1214 2351 1351 2399 summa

272 2469 343 2538 ista
367 2490 584 2537 summarum
614 2476 750 2539 aeterna
780 2468 839 2540 sit.
871 2469 921 2539 Ut
950 2468 1044 2539 enim
1070 2466 1350 2538 moderatoribus

274 2605 477 2698 reipublicae
512 2611 609 2703 rulers
638 2613 762 2694 populi
794 2630 961 2694 suprema
992 2612 1051 2675 lex
1084 2616 1135 2675 est
1166 2638 1174 2673 :
1205 2605 1256 2676 sic
1284 2605 1350 2674 deo

274 2744 406 2816 mundi.

321 2990 367 3060 At
385 2990 428 3060 de
446 2990 550 3061 Cultu
569 2989 715 3081 conjicio
733 2988 931 3082 dupliciter.

324 3223 494 3304 Primum,
512 3225 596 3316 quia
609 3232 771 3295 ornatum
786 3224 920 3294 nullum
936 3226 972 3294 in
992 3226 1058 3296 hac
1070 3233 1174 3297 rasta
1188 3225 1351 3296 machina

273 3361 444 3454 concipi0,
455 3361 531 3432 sine
545 3363 716 3432 varietate
730 3371 766 3433 et
780 3363 947 3435 distincta
959 3365 1202 3436 vicissitudine
1216 3389 1347 3437 rerum.

274 3502 391 3575 Solem
405 3502 503 3573 illum
517 3502 791 3596 pulcherrimum
806 3504 932 3576 fateor.
951 3505 1013 3575 sed
1027 3505 1219 3596 gratiorem
1233 3513 1350 3575 tamen

272 3665 351 3712 eum
384 3642 530 3713 roriflua
558 3666 628 3713 nox
654 3644 758 3725 lacit,
789 3652 824 3715 et
850 3645 996 3738 pallium
1022 3645 1210 3715 obductum
1237 3645 1350 3736 nigrae

273 3782 410 3852 matris,
449 3783 627 3852 AEstatem
661 3782 951 3853 amoenissimam.
991 3783 1060 3853 Sed
1091 3805 1196 3875 quam
1227 3782 1351 3852 Hiems

273 3919 506 3997 commendat,
529 3926 563 3988 et
580 3918 745 4009 glacialia
764 3920 827 3990 illa
845 3943 1035 4002 marmora,
1058 3929 1093 3990 et
1115 3943 1214 3990 canae
1236 3921 1347 3991 nives,

274 4059 364 4134 Quae
394 4057 424 4126 si
454 4056 563 4137 tollis,
597 4080 722 4127 revera
751 4081 893 4129 sensum
924 4060 1160 4153 gaudiumque
1191 4059 1364 4130 intimum·

272 4196 379 4274 tollis,
403 4196 476 4266 sive
495 4195 583 4266 lucis
611 4196 684 4266 sive
711 4204 832 4272 aestus.
859 4200 897 4267 ln
920 4199 986 4269 hac
1003 4198 1081 4292 ipsa
1100 4207 1222 4270 nostra
1239 4206 1346 4273 terra
