3262 5190
492 1097 695 1206 uranu
747 1098 1132 1202 sucuunus

684 1344 947 1373 -ψ.

706 1539 865 1610 CAPUT
893 1541 922 1610 1.

275 1732 394 1795 Occasio
419 1733 541 1812 repetiti
563 1733 720 1793 sermonis.
745 1733 800 1794 iiio
827 1732 868 1793 od
892 1732 1009 1811 Loapa'r'
1033 1749 1185 1792 amanum
1212 1732 1346 1798 hortum,

669 1834 791 1930 ejaspoe
806 1851 954 1912 laudatio.

323 2032 489 2124 Sequenti
516 2032 584 2111 die,
618 2031 731 2101 visum
755 2030 893 2122 Langio
917 2030 1092 2100 abducere
1119 2052 1173 2098 me
1198 2028 1243 2098 ad
1266 2051 1349 2098 suos

273 2171 407 2242 hortos,
441 2173 538 2248 Quos
567 2171 726 2263 impenso
755 2192 840 2241 sane
866 2169 983 2240 studio
1009 2168 1166 2264 duplices
1194 2167 1345 2238 colebat.

272 2305 403 2376 alteros
429 2305 464 2375 in
483 2305 584 2385 colle,
605 2312 624 2376 c
643 2304 787 2398 regione
805 2305 934 2376 aedium
956 2331 962 2375 :
986 2305 1118 2376 alteros
1136 2305 1255 2398 paullo
1272 2305 1349 2375 lon·

164 2459 168 2467 ·
273 2442 353 2533 gius
366 2443 466 2523 sitos,
483 2442 519 2511 in
534 2442 753 2535 depressiore
765 2440 855 2523 loco.
874 2441 1050 2534 adipsum
1070 2443 1210 2513 Mosam

355 2603 443 2675 Quod
456 2623 689 2681 peramoenum
707 2605 816 2664 arbem
831 2604 893 2663 leni
909 2605 979 2680 sterit
994 2605 1122 2679 appone
1135 2602 1269 2678 [irenica.

272 2770 390 2865 itaque
400 2794 479 2842 cum
490 2778 696 2864 occupasset
705 2795 760 2842 me
772 2772 859 2842 satis
870 2795 971 2842 mane
985 2773 1021 2841 in
1035 2771 1209 2854 cubiculo,
1220 2771 1350 2844 Ambu-

272 2909 587 3003 lamusne‚·Lipsit
614 2911 739 3003 inquit.
771 2934 816 2980 an
838 2910 937 3003 quies
962 2910 1025 2981 tibi
1056 2911 1170 3002 magis
1198 2910 1296 2980 cordi
1314 2919 1350 2981 et

274 3049 408 3129 sessio?

316 3186 389 3255 Imo
399 3186 605 3267 ambulatio,
615 3185 743 3277 Langi,
755 3186 909 3279 inquam,
920 3186 948 3256 si
961 3187 1154 3257 tecumsed
1164 3210 1232 3280 quo
1242 3188 1348 3258 imust

314 3364 350 3433 Si
377 3363 503 3456 placet,
533 3363 578 3433 ad
600 3364 722 3434 hortos
748 3387 856 3446 meos
878 3365 991 3457 inquit
1008 3365 1183 3458 Langius‚
1214 3367 1273 3459 qui
1303 3369 1348 3438 ad

274 3504 413 3575 flumen.
432 3504 513 3574 Non
527 3502 636 3595 longa
649 3527 691 3574 ea
704 3504 763 3574 via
775 3511 842 3585 est,
860 3527 987 3597 corpus
1001 3506 1115 3576 obiter
1126 3507 1344 3577 exercueris:

271 3641 393 3712 urbem
411 3641 541 3712 videris
563 3665 570 3708 z
592 3642 740 3735 denique
758 3650 862 3734 grata
879 3643 928 3712 ibi
946 3643 982 3711 in
1000 3643 1067 3713 hoo
1080 3650 1171 3713 aestu
1190 3650 1225 3713 et
1241 3643 1347 3733 frige-

273 3801 356 3849 rans
374 3801 475 3848 aura.

322 3915 456 3995 Placet,
477 3916 619 4008 inquam
639 3938 718 4008 ego.
750 3940 812 3987 nec
840 3923 874 3987 te
898 3917 986 3987 duce
1004 3917 1062 3986 via
1080 3905 1165 3986 mihi
1184 3916 1257 4017 ulla
1274 3940 1348 3987 mo-

271 4053 373 4132 lesta,
407 4075 476 4122 non
503 4053 548 4122 ad
577 4061 753 4124 extremos
782 4054 901 4125 Indos,
936 4055 1083 4124 Etcum
1116 4054 1209 4125 dicto
1240 4053 1348 4145 pallia

271 4190 505 4282 poposcimus
523 4190 758 4282 sumpsimus;
778 4191 917 4273 ivimus,
934 4191 1111 4262 inivimus,
