3262 5190
728 503 914 565 -sss-
1040 476 1043 480 ’

699 779 804 852 oAP.
834 781 953 852 XVll.
1074 857 1077 863 ,

286 990 413 1057 Ventum
437 991 478 1052 od
498 989 715 1054 Necessitatem
744 992 849 1069 quad
878 992 1100 1056 Facultatum
1129 992 1231 1073 ipsum
1260 994 1379 1073 primo,-

320 1114 487 1175 assatum.
507 1114 600 1195 Vetat
611 1114 645 1174 in
660 1130 691 1175 es
705 1118 733 1176 et
746 1115 920 1194 sapientum
934 1113 1112 1176 nniversam
1124 1113 1283 1193 quemdam
1293 1132 1361 1203 ecee·

318 1256 439 1301 sensum
446 1238 560 1316 scisse,
576 1237 628 1300 sed
640 1238 675 1299 in
692 1237 836 1320 partibus
850 1237 1032 1301 dissensum.
1056 1237 1230 1314 Quoteplec
1246 1238 1361 1319 priscis

320 1362 450 1424 Fctum.

328 1577 494 1650 sznann
521 1578 679 1671 Langius
703 1601 710 1647 ε
740 1584 775 1649 et
797 1577 974 1672 lacrymas
996 1577 1081 1648 mihi
1099 1600 1200 1672 paene
1219 1601 1359 1672 expres-

278 1725 374 1788 serat
399 1716 457 1788 hic
478 1739 607 1788 sermo.
632 1717 684 1787 ita
711 1716 807 1787 visus
835 1715 920 1819 mihi
947 1715 983 1785 in
1006 1715 1103 1786 clara
1118 1715 1196 1787 luce
1214 1739 1358 1787 cernere

277 1856 432 1928 ludibria
449 1879 567 1927 rerum
584 1856 833 1927 humanarum.
851 1856 898 1927 Et
917 1855 1132 1938 exclamans,
1159 1855 1252 1938 Heu,
1274 1855 1356 1949 quid

276 2002 339 2066 aut
352 1993 419 2088 ipsi
438 2017 571 2076 sumus,
594 1995 749 2088 inquam,
770 2002 831 2066 aut
849 1995 968 2065 omnia
985 1994 1063 2065 haec
1079 1993 1115 2065 in
1130 1994 1230 2087 queis
1249 1993 1355 2064 suda-

277 2133 376 2204 musl
407 2135 436 2200 τί
466 2132 498 2199 δέ
516 2157 588 2215 τις;
620 2129 790 2214 τίδόὔτις;
812 2135 899 2209 oslac
917 2130 988 2225 ὄναρ
1007 2131 1184 2225 ἄνθρωπως,
1208 2139 1247 2201 ut
1272 2154 1355 2201 vere

276 2270 380 2342 nimis
398 2269 482 2341 olim
497 2269 647 2364 Lyricus
661 2276 773 2341 vates..

325 2684 484 2778 Langius
517 2683 564 2755 ad
594 2707 668 2768 me,
702 2684 748 2756 At
778 2691 816 2755 tu
859 2683 1078 2766 adolescens
1117 2683 1242 2778 inquit,
1282 2708 1353 2756 non
1415 2713 1419 2720 ·

276 2822 417 2918 adspice
435 2824 549 2895 solum
563 2823 646 2907 ista,
664 2823 726 2895 sed
740 2822 879 2916 despice
898 2845 904 2890 :
924 2830 960 2893 et
974 2821 1224 2893 Constantiam
1235 2823 1353 2894 animo

246 2939 448 3057 imprime,
486 2986 531 3033 ex
563 2962 631 3034 hac
664 2961 879 3033 inconstanti
913 2970 949 3032 et
984 2960 1178 3033 desultoria
1210 2960 1353 3034 levitate

274 3099 429 3171 omnium
451 3120 582 3169 rerum.
605 3098 867 3169 Inconstantem
890 3099 980 3180 dico,
1003 3103 1025 3169 a
1048 3106 1164 3170 mente
1189 3107 1224 3171 et
1246 3122 1352 3171 sensu

274 3246 410 3311 nostro.
435 3212 518 3332 quia
541 3237 654 3308 Deum
671 3237 996 3332 providentiamque
1022 3238 1052 3308 si
1078 3237 1244 3332 adspicis,
1274 3245 1352 3311 rato

273 3378 393 3450 omnia
410 3384 445 3448 et
457 3374 626 3447 immobili
640 3375 764 3446 ordine
782 3375 985 3449 decurrunt.
1010 3377 1085 3447 Iam
1102 3377 1195 3448 enim
1211 3377 1352 3450 omissis

274 3515 416 3609 gladiis,
441 3515 486 3585 ad
508 3513 690 3585 machinas
713 3513 815 3585 venio
846 3539 853 3584 :
884 3537 949 3585 nec
974 3516 1055 3586 telis
1076 3516 1233 3588 dolorem
1252 3525 1351 3589 tuum

272 3655 497 3749 oppugnabo,
527 3652 590 3723 sed
613 3653 810 3724 tormentis.
842 3653 925 3724 Fati
954 3653 1101 3724 arietem
1123 3653 1346 3746 intorqueb0,

271 3794 425 3873 firmum,
443 3789 598 3860 validum
622 3813 629 3859 :
650 3796 805 3883 atquem
823 3791 922 3863 nulla
947 3816 1100 3885 unquam
1118 3793 1273 3863 humana
1295 3793 1349 3863 vis

272 3930 390 4011 elidet,
411 3934 473 3999 aut
490 3948 636 3997 acumen
655 3925 783 3998 eludet.
812 3927 880 4005 Qui
904 3927 1002 3999 locus
1029 3930 1095 3999 etsi
1124 3929 1280 4002 lubricus
1303 3932 1349 4003 ad

271 4069 409 4162 lapsum
438 4092 446 4137 ε
475 4072 595 4136 tamen
620 4064 813 4156 ingrediar.
843 4066 905 4137 sed
930 4076 1045 4149 caute,
1070 4068 1177 4151 lente,
1198 4078 1234 4141 et
1255 4070 1347 4163 qnod

273 4205 390 4279 Graeci
408 4205 540 4284 dicunt,
560 4204 671 4298 ἡσύχῳ
689 4203 771 4274 ποδί.
788 4203 840 4274 Ac
860 4205 1031 4299 principio
1058 4207 1186 4278 Fatum
1205 4207 1347 4301 aliquod
