3262 5190
427 882 710 954 Misericordiam
726 883 790 955 tibi
804 883 980 975 permitto,
998 906 1067 953 nou
1083 882 1356 953 miserationem.
1376 880 1454 950 Dis-

376 1021 540 1113 tinguere
557 1021 650 1092 enim
669 1044 711 1092 ea
732 1044 824 1091 nunc
846 1020 974 1113 placet,
997 1029 1032 1090 et
1049 1019 1214 1090 recedere
1234 1018 1414 1112 paulisper
1432 1021 1454 1086 a

377 1167 501 1231 nostra
516 1160 664 1254 porticu,
681 1159 829 1230 docendi
842 1182 981 1231 caussa.
999 1157 1283 1229 Misericordiam
1297 1155 1449 1249 appello,

377 1299 660 1370 lncnrnnrmnnu
677 1321 794 1379 amm,
815 1321 862 1369 nn
879 1321 1039 1370 anianum
1058 1320 1207 1369 monmn
1226 1320 1295 1368 nun
1310 1318 1453 1368 Lucrum

378 1460 653 1510 sununvaunuu.
679 1438 768 1508 Haec
789 1438 902 1509 virtus
924 1436 998 1518 illa,
1021 1437 1133 1530 Lipsi‚
1156 1459 1261 1529 quam
1278 1435 1374 1505 velut
1390 1456 1454 1527 per

378 1575 543 1647 nebulam
569 1575 681 1656 vides,
707 1583 742 1647 et
765 1598 830 1669 pro
855 1598 925 1670 qua
947 1575 1133 1646 Miseratio
1156 1574 1220 1645 tibi
1244 1571 1403 1664 subrepit
1420 1577 1455 1641 et

378 1694 538 1807 imponit.
569 1713 617 1784 At
642 1714 735 1784 enim
760 1714 952 1785 humanum
977 1720 1044 1794 est,
1071 1711 1188 1793 adfici,
1217 1718 1253 1783 et
1276 1709 1451 1781 miserari.
1512 1754 1513 1757 =

381 1851 482 1921 Esto.
504 1850 566 1920 sed
584 1873 653 1920 non
672 1857 819 1920 rectum.
836 1848 891 1920 An
906 1857 945 1921 tu
958 1850 1123 1920 virtutem
1137 1848 1246 1919 ullam
1260 1848 1295 1918 in
1310 1845 1455 1917 mollitie

380 1995 416 2057 et
433 1986 629 2079 abjectione
645 1986 753 2057 animi
772 2009 850 2058 esse
868 1988 1014 2058 censesl
1037 1994 1076 2057 ut
1097 2010 1141 2057 ne
1164 1985 1399 2078 ingemiscasl
1418 1990 1456 2054 ut

381 2123 558 2216 suspires?
578 2131 616 2194 ut
633 2123 742 2194 verba
759 2125 872 2194 fracta
894 2129 929 2193 et
950 2123 1095 2194 tertiata
1112 2146 1190 2194 oum
1210 2122 1355 2214 lugente
1373 2122 1455 2192 mis-

380 2263 481 2332 ceasl
508 2262 631 2330 Erras.
654 2246 783 2353 alioqui
806 2260 891 2330 dare
917 2259 981 2330 tibi
1008 2282 1136 2330 avaras
1160 2260 1295 2352 aliquot
1312 2282 1402 2330 anus
1421 2265 1456 2329 et

381 2399 552 2490 deparcos
579 2396 766 2467 Eucliones
793 2418 958 2488 possum,
991 2401 1010 2465 e
1041 2418 1189 2488 quorum
1220 2396 1330 2466 oculis
1361 2396 1456 2466 mille

380 2534 558 2627 lacrymas
576 2534 679 2604 citius
697 2532 925 2626 expresseris,
948 2555 1052 2625 quam
1072 2557 1178 2604 unum
1196 2539 1216 2606 o
1233 2534 1343 2627 bulga
1355 2558 1455 2604 num—

381 2695 488 2743 mum.

431 3205 478 3274 nt
491 3211 613 3274 noster
626 3224 731 3272 verus
748 3201 807 3272 ille
821 3201 1035 3283 misericors,
1054 3226 1123 3273 non
1142 3203 1367 3274 miserabitur
1381 3207 1456 3298 qui-

276 3407 284 3417 .
384 3343 475 3423 dem,
497 3341 560 3412 sed
581 3348 699 3411 tamen
720 3340 842 3411 eadem
865 3341 983 3410 omnia
999 3348 1061 3412 aut
1078 3342 1214 3434 majora
1230 3341 1335 3414 faciet
1352 3345 1456 3414 mise·

383 3480 489 3552 ranti.
510 3478 691 3579 Adspiciat
705 3478 821 3549 aliena
834 3479 927 3549 mala
941 3478 1103 3550 humanis
1117 3481 1241 3564 oculis,
1259 3483 1321 3552 sed
1339 3490 1456 3554 tamen

385 3620 489 3691 rectis
518 3645 525 3689 :
558 3618 710 3689 adducto
750 3619 901 3711 quodam
933 3619 1031 3689 vultu
1067 3619 1258 3702 adlabitur,
1292 3623 1352 3692 sed
1387 3647 1456 3693 non

384 3757 525 3850 lugubri
548 3765 610 3828 aut
635 3757 781 3848 dejecto.
811 3756 983 3828 solabitur
1000 3757 1151 3839 fortiter,
1168 3759 1306 3851 juvabit
1328 3761 1456 3832 libera-

340 3964 342 3968 .
382 3900 464 3968 liter
493 3923 499 3966 :
526 3904 561 3965 et
587 3896 691 3966 faciet
721 3896 920 3987 benignius,
947 3920 1051 3990 quam
1082 3897 1173 3968 dicet
1210 3923 1217 3968 :
1252 3907 1287 3969 at
1316 3923 1456 3970 manum

384 4037 500 4130 potius
525 4057 637 4125 egeno
663 4043 723 4104 aut
746 4034 845 4129 lapso
870 4036 1042 4128 porriget,
1070 4061 1173 4130 quam
1192 4038 1312 4107 verba.
1343 4036 1457 4129 Atque

385 4177 462 4246 haec
480 4174 598 4245 omnia
616 4180 717 4242 caute
739 4180 774 4242 et
796 4173 1043 4266 circumspecte
1064 4176 1260 4266 praestabit.
1283 4200 1338 4257 ne,
1361 4182 1399 4246 ut
1421 4175 1457 4245 in
